%YAML 1.1
%TAG !u! tag:unity3d.com,2011:
--- !u!1 &3889110110182459332
GameObject:
  m_ObjectHideFlags: 0
  m_CorrespondingSourceObject: {fileID: 0}
  m_PrefabInstance: {fileID: 0}
  m_PrefabAsset: {fileID: 0}
  serializedVersion: 6
  m_Component:
  - component: {fileID: 2107794277514980486}
  m_Layer: 0
  m_Name: CrateOnion03
  m_TagString: Untagged
  m_Icon: {fileID: 0}
  m_NavMeshLayer: 0
  m_StaticEditorFlags: 0
  m_IsActive: 1
--- !u!4 &2107794277514980486
Transform:
  m_ObjectHideFlags: 0
  m_CorrespondingSourceObject: {fileID: 0}
  m_PrefabInstance: {fileID: 0}
  m_PrefabAsset: {fileID: 0}
  m_GameObject: {fileID: 3889110110182459332}
  m_LocalRotation: {x: -0, y: -0, z: -0, w: 1}
  m_LocalPosition: {x: 0, y: 0, z: 0}
  m_LocalScale: {x: 1, y: 1, z: 1}
  m_Children:
  - {fileID: 6286308441479296005}
  - {fileID: 4093911060776557603}
  m_Father: {fileID: 0}
  m_RootOrder: 0
  m_LocalEulerAnglesHint: {x: 0, y: 0, z: 0}
--- !u!1 &4023373009101829878
GameObject:
  m_ObjectHideFlags: 0
  m_CorrespondingSourceObject: {fileID: 0}
  m_PrefabInstance: {fileID: 0}
  m_PrefabAsset: {fileID: 0}
  serializedVersion: 6
  m_Component:
  - component: {fileID: 6286308441479296005}
  m_Layer: 0
  m_Name: Props
  m_TagString: Untagged
  m_Icon: {fileID: 0}
  m_NavMeshLayer: 0
  m_StaticEditorFlags: 0
  m_IsActive: 1
--- !u!4 &6286308441479296005
Transform:
  m_ObjectHideFlags: 0
  m_CorrespondingSourceObject: {fileID: 0}
  m_PrefabInstance: {fileID: 0}
  m_PrefabAsset: {fileID: 0}
  m_GameObject: {fileID: 4023373009101829878}
  m_LocalRotation: {x: -0, y: -0, z: -0, w: 1}
  m_LocalPosition: {x: 0, y: 0, z: 0}
  m_LocalScale: {x: 1, y: 1, z: 1}
  m_Children:
  - {fileID: 2213725935138497273}
  - {fileID: 3302935769441786919}
  - {fileID: 7438590096274429222}
  - {fileID: 8776249871482453485}
  - {fileID: 6630945841270305611}
  - {fileID: 3552504401572267847}
  - {fileID: 1449031214299617935}
  - {fileID: 1577680505497150417}
  m_Father: {fileID: 2107794277514980486}
  m_RootOrder: 0
  m_LocalEulerAnglesHint: {x: 0, y: 0, z: 0}
--- !u!1001 &1449031214300004367
PrefabInstance:
  m_ObjectHideFlags: 0
  serializedVersion: 2
  m_Modification:
    m_TransformParent: {fileID: 6286308441479296005}
    m_Modifications:
    - target: {fileID: 100000, guid: 318805f6979f5784099c2204246d9d0c, type: 3}
      propertyPath: m_Name
      value: fi_vil_food_onion02
      objectReference: {fileID: 0}
    - target: {fileID: 400000, guid: 318805f6979f5784099c2204246d9d0c, type: 3}
      propertyPath: m_LocalPosition.x
      value: 0.14072974
      objectReference: {fileID: 0}
    - target: {fileID: 400000, guid: 318805f6979f5784099c2204246d9d0c, type: 3}
      propertyPath: m_LocalPosition.y
      value: 0.19129577
      objectReference: {fileID: 0}
    - target: {fileID: 400000, guid: 318805f6979f5784099c2204246d9d0c, type: 3}
      propertyPath: m_LocalPosition.z
      value: -0.065476805
      objectReference: {fileID: 0}
    - target: {fileID: 400000, guid: 318805f6979f5784099c2204246d9d0c, type: 3}
      propertyPath: m_LocalRotation.x
      value: -0.00025188812
      objectReference: {fileID: 0}
    - target: {fileID: 400000, guid: 318805f6979f5784099c2204246d9d0c, type: 3}
      propertyPath: m_LocalRotation.y
      value: -0.99809617
      objectReference: {fileID: 0}
    - target: {fileID: 400000, guid: 318805f6979f5784099c2204246d9d0c, type: 3}
      propertyPath: m_LocalRotation.z
      value: -0.005237722
      objectReference: {fileID: 0}
    - target: {fileID: 400000, guid: 318805f6979f5784099c2204246d9d0c, type: 3}
      propertyPath: m_LocalRotation.w
      value: 0.061454788
      objectReference: {fileID: 0}
    - target: {fileID: 400000, guid: 318805f6979f5784099c2204246d9d0c, type: 3}
      propertyPath: m_RootOrder
      value: 6
      objectReference: {fileID: 0}
    - target: {fileID: 400000, guid: 318805f6979f5784099c2204246d9d0c, type: 3}
      propertyPath: m_LocalEulerAnglesHint.x
      value: -0.601
      objectReference: {fileID: 0}
    - target: {fileID: 400000, guid: 318805f6979f5784099c2204246d9d0c, type: 3}
      propertyPath: m_LocalEulerAnglesHint.y
      value: -172.953
      objectReference: {fileID: 0}
    - target: {fileID: 400000, guid: 318805f6979f5784099c2204246d9d0c, type: 3}
      propertyPath: m_LocalEulerAnglesHint.z
      value: -0.008
      objectReference: {fileID: 0}
    m_RemovedComponents: []
  m_SourcePrefab: {fileID: 100100000, guid: 318805f6979f5784099c2204246d9d0c, type: 3}
--- !u!4 &1449031214299617935 stripped
Transform:
  m_CorrespondingSourceObject: {fileID: 400000, guid: 318805f6979f5784099c2204246d9d0c,
    type: 3}
  m_PrefabInstance: {fileID: 1449031214300004367}
  m_PrefabAsset: {fileID: 0}
--- !u!1001 &1577680505496762705
PrefabInstance:
  m_ObjectHideFlags: 0
  serializedVersion: 2
  m_Modification:
    m_TransformParent: {fileID: 6286308441479296005}
    m_Modifications:
    - target: {fileID: 100000, guid: 318805f6979f5784099c2204246d9d0c, type: 3}
      propertyPath: m_Name
      value: fi_vil_food_onion02
      objectReference: {fileID: 0}
    - target: {fileID: 400000, guid: 318805f6979f5784099c2204246d9d0c, type: 3}
      propertyPath: m_LocalPosition.x
      value: 0.281
      objectReference: {fileID: 0}
    - target: {fileID: 400000, guid: 318805f6979f5784099c2204246d9d0c, type: 3}
      propertyPath: m_LocalPosition.y
      value: 0.236
      objectReference: {fileID: 0}
    - target: {fileID: 400000, guid: 318805f6979f5784099c2204246d9d0c, type: 3}
      propertyPath: m_LocalPosition.z
      value: 0.15633227
      objectReference: {fileID: 0}
    - target: {fileID: 400000, guid: 318805f6979f5784099c2204246d9d0c, type: 3}
      propertyPath: m_LocalRotation.x
      value: -0
      objectReference: {fileID: 0}
    - target: {fileID: 400000, guid: 318805f6979f5784099c2204246d9d0c, type: 3}
      propertyPath: m_LocalRotation.y
      value: -0.99939406
      objectReference: {fileID: 0}
    - target: {fileID: 400000, guid: 318805f6979f5784099c2204246d9d0c, type: 3}
      propertyPath: m_LocalRotation.z
      value: -0
      objectReference: {fileID: 0}
    - target: {fileID: 400000, guid: 318805f6979f5784099c2204246d9d0c, type: 3}
      propertyPath: m_LocalRotation.w
      value: -0.0348081
      objectReference: {fileID: 0}
    - target: {fileID: 400000, guid: 318805f6979f5784099c2204246d9d0c, type: 3}
      propertyPath: m_RootOrder
      value: 7
      objectReference: {fileID: 0}
    - target: {fileID: 400000, guid: 318805f6979f5784099c2204246d9d0c, type: 3}
      propertyPath: m_LocalEulerAnglesHint.x
      value: 0
      objectReference: {fileID: 0}
    - target: {fileID: 400000, guid: 318805f6979f5784099c2204246d9d0c, type: 3}
      propertyPath: m_LocalEulerAnglesHint.y
      value: -183.98999
      objectReference: {fileID: 0}
    - target: {fileID: 400000, guid: 318805f6979f5784099c2204246d9d0c, type: 3}
      propertyPath: m_LocalEulerAnglesHint.z
      value: 0
      objectReference: {fileID: 0}
    - target: {fileID: 400000, guid: 318805f6979f5784099c2204246d9d0c, type: 3}
      propertyPath: m_LocalScale.x
      value: 0.6769202
      objectReference: {fileID: 0}
    - target: {fileID: 400000, guid: 318805f6979f5784099c2204246d9d0c, type: 3}
      propertyPath: m_LocalScale.y
      value: 0.6769202
      objectReference: {fileID: 0}
    - target: {fileID: 400000, guid: 318805f6979f5784099c2204246d9d0c, type: 3}
      propertyPath: m_LocalScale.z
      value: 0.6769202
      objectReference: {fileID: 0}
    m_RemovedComponents: []
  m_SourcePrefab: {fileID: 100100000, guid: 318805f6979f5784099c2204246d9d0c, type: 3}
--- !u!4 &1577680505497150417 stripped
Transform:
  m_CorrespondingSourceObject: {fileID: 400000, guid: 318805f6979f5784099c2204246d9d0c,
    type: 3}
  m_PrefabInstance: {fileID: 1577680505496762705}
  m_PrefabAsset: {fileID: 0}
--- !u!1001 &2213725935138109561
PrefabInstance:
  m_ObjectHideFlags: 0
  serializedVersion: 2
  m_Modification:
    m_TransformParent: {fileID: 6286308441479296005}
    m_Modifications:
    - target: {fileID: 100000, guid: 318805f6979f5784099c2204246d9d0c, type: 3}
      propertyPath: m_Name
      value: fi_vil_food_onion02
      objectReference: {fileID: 0}
    - target: {fileID: 400000, guid: 318805f6979f5784099c2204246d9d0c, type: 3}
      propertyPath: m_LocalPosition.x
      value: 0.2855
      objectReference: {fileID: 0}
    - target: {fileID: 400000, guid: 318805f6979f5784099c2204246d9d0c, type: 3}
      propertyPath: m_LocalPosition.y
      value: 0.006
      objectReference: {fileID: 0}
    - target: {fileID: 400000, guid: 318805f6979f5784099c2204246d9d0c, type: 3}
      propertyPath: m_LocalPosition.z
      value: 0.0644
      objectReference: {fileID: 0}
    - target: {fileID: 400000, guid: 318805f6979f5784099c2204246d9d0c, type: 3}
      propertyPath: m_LocalRotation.x
      value: -0
      objectReference: {fileID: 0}
    - target: {fileID: 400000, guid: 318805f6979f5784099c2204246d9d0c, type: 3}
      propertyPath: m_LocalRotation.y
      value: 0.151871
      objectReference: {fileID: 0}
    - target: {fileID: 400000, guid: 318805f6979f5784099c2204246d9d0c, type: 3}
      propertyPath: m_LocalRotation.z
      value: -0
      objectReference: {fileID: 0}
    - target: {fileID: 400000, guid: 318805f6979f5784099c2204246d9d0c, type: 3}
      propertyPath: m_LocalRotation.w
      value: 0.9884004
      objectReference: {fileID: 0}
    - target: {fileID: 400000, guid: 318805f6979f5784099c2204246d9d0c, type: 3}
      propertyPath: m_RootOrder
      value: 0
      objectReference: {fileID: 0}
    - target: {fileID: 400000, guid: 318805f6979f5784099c2204246d9d0c, type: 3}
      propertyPath: m_LocalEulerAnglesHint.x
      value: 0
      objectReference: {fileID: 0}
    - target: {fileID: 400000, guid: 318805f6979f5784099c2204246d9d0c, type: 3}
      propertyPath: m_LocalEulerAnglesHint.y
      value: 17.471
      objectReference: {fileID: 0}
    - target: {fileID: 400000, guid: 318805f6979f5784099c2204246d9d0c, type: 3}
      propertyPath: m_LocalEulerAnglesHint.z
      value: 0
      objectReference: {fileID: 0}
    m_RemovedComponents: []
  m_SourcePrefab: {fileID: 100100000, guid: 318805f6979f5784099c2204246d9d0c, type: 3}
--- !u!4 &2213725935138497273 stripped
Transform:
  m_CorrespondingSourceObject: {fileID: 400000, guid: 318805f6979f5784099c2204246d9d0c,
    type: 3}
  m_PrefabInstance: {fileID: 2213725935138109561}
  m_PrefabAsset: {fileID: 0}
--- !u!1001 &3302935769441912487
PrefabInstance:
  m_ObjectHideFlags: 0
  serializedVersion: 2
  m_Modification:
    m_TransformParent: {fileID: 6286308441479296005}
    m_Modifications:
    - target: {fileID: 100000, guid: 318805f6979f5784099c2204246d9d0c, type: 3}
      propertyPath: m_Name
      value: fi_vil_food_onion02
      objectReference: {fileID: 0}
    - target: {fileID: 400000, guid: 318805f6979f5784099c2204246d9d0c, type: 3}
      propertyPath: m_LocalPosition.x
      value: 0.1061
      objectReference: {fileID: 0}
    - target: {fileID: 400000, guid: 318805f6979f5784099c2204246d9d0c, type: 3}
      propertyPath: m_LocalPosition.y
      value: 0.052200004
      objectReference: {fileID: 0}
    - target: {fileID: 400000, guid: 318805f6979f5784099c2204246d9d0c, type: 3}
      propertyPath: m_LocalPosition.z
      value: -0.1524
      objectReference: {fileID: 0}
    - target: {fileID: 400000, guid: 318805f6979f5784099c2204246d9d0c, type: 3}
      propertyPath: m_LocalRotation.x
      value: -0
      objectReference: {fileID: 0}
    - target: {fileID: 400000, guid: 318805f6979f5784099c2204246d9d0c, type: 3}
      propertyPath: m_LocalRotation.y
      value: -0.16480377
      objectReference: {fileID: 0}
    - target: {fileID: 400000, guid: 318805f6979f5784099c2204246d9d0c, type: 3}
      propertyPath: m_LocalRotation.z
      value: -0
      objectReference: {fileID: 0}
    - target: {fileID: 400000, guid: 318805f6979f5784099c2204246d9d0c, type: 3}
      propertyPath: m_LocalRotation.w
      value: 0.9863264
      objectReference: {fileID: 0}
    - target: {fileID: 400000, guid: 318805f6979f5784099c2204246d9d0c, type: 3}
      propertyPath: m_RootOrder
      value: 1
      objectReference: {fileID: 0}
    - target: {fileID: 400000, guid: 318805f6979f5784099c2204246d9d0c, type: 3}
      propertyPath: m_LocalEulerAnglesHint.x
      value: 0
      objectReference: {fileID: 0}
    - target: {fileID: 400000, guid: 318805f6979f5784099c2204246d9d0c, type: 3}
      propertyPath: m_LocalEulerAnglesHint.y
      value: -18.972
      objectReference: {fileID: 0}
    - target: {fileID: 400000, guid: 318805f6979f5784099c2204246d9d0c, type: 3}
      propertyPath: m_LocalEulerAnglesHint.z
      value: 0
      objectReference: {fileID: 0}
    - target: {fileID: 400000, guid: 318805f6979f5784099c2204246d9d0c, type: 3}
      propertyPath: m_LocalScale.x
      value: 0.74184674
      objectReference: {fileID: 0}
    - target: {fileID: 400000, guid: 318805f6979f5784099c2204246d9d0c, type: 3}
      propertyPath: m_LocalScale.y
      value: 0.7418466
      objectReference: {fileID: 0}
    - target: {fileID: 400000, guid: 318805f6979f5784099c2204246d9d0c, type: 3}
      propertyPath: m_LocalScale.z
      value: 0.74184674
      objectReference: {fileID: 0}
    m_RemovedComponents: []
  m_SourcePrefab: {fileID: 100100000, guid: 318805f6979f5784099c2204246d9d0c, type: 3}
--- !u!4 &3302935769441786919 stripped
Transform:
  m_CorrespondingSourceObject: {fileID: 400000, guid: 318805f6979f5784099c2204246d9d0c,
    type: 3}
  m_PrefabInstance: {fileID: 3302935769441912487}
  m_PrefabAsset: {fileID: 0}
--- !u!1001 &3552504401572404679
PrefabInstance:
  m_ObjectHideFlags: 0
  serializedVersion: 2
  m_Modification:
    m_TransformParent: {fileID: 6286308441479296005}
    m_Modifications:
    - target: {fileID: 100000, guid: 318805f6979f5784099c2204246d9d0c, type: 3}
      propertyPath: m_Name
      value: fi_vil_food_onion02
      objectReference: {fileID: 0}
    - target: {fileID: 400000, guid: 318805f6979f5784099c2204246d9d0c, type: 3}
      propertyPath: m_LocalPosition.x
      value: -0.1035001
      objectReference: {fileID: 0}
    - target: {fileID: 400000, guid: 318805f6979f5784099c2204246d9d0c, type: 3}
      propertyPath: m_LocalPosition.y
      value: 0.22268799
      objectReference: {fileID: 0}
    - target: {fileID: 400000, guid: 318805f6979f5784099c2204246d9d0c, type: 3}
      propertyPath: m_LocalPosition.z
      value: 0.15913397
      objectReference: {fileID: 0}
    - target: {fileID: 400000, guid: 318805f6979f5784099c2204246d9d0c, type: 3}
      propertyPath: m_LocalRotation.x
      value: -0
      objectReference: {fileID: 0}
    - target: {fileID: 400000, guid: 318805f6979f5784099c2204246d9d0c, type: 3}
      propertyPath: m_LocalRotation.y
      value: -0.98632693
      objectReference: {fileID: 0}
    - target: {fileID: 400000, guid: 318805f6979f5784099c2204246d9d0c, type: 3}
      propertyPath: m_LocalRotation.z
      value: -0
      objectReference: {fileID: 0}
    - target: {fileID: 400000, guid: 318805f6979f5784099c2204246d9d0c, type: 3}
      propertyPath: m_LocalRotation.w
      value: -0.16480088
      objectReference: {fileID: 0}
    - target: {fileID: 400000, guid: 318805f6979f5784099c2204246d9d0c, type: 3}
      propertyPath: m_RootOrder
      value: 5
      objectReference: {fileID: 0}
    - target: {fileID: 400000, guid: 318805f6979f5784099c2204246d9d0c, type: 3}
      propertyPath: m_LocalEulerAnglesHint.x
      value: 0
      objectReference: {fileID: 0}
    - target: {fileID: 400000, guid: 318805f6979f5784099c2204246d9d0c, type: 3}
      propertyPath: m_LocalEulerAnglesHint.y
      value: -198.971
      objectReference: {fileID: 0}
    - target: {fileID: 400000, guid: 318805f6979f5784099c2204246d9d0c, type: 3}
      propertyPath: m_LocalEulerAnglesHint.z
      value: 0
      objectReference: {fileID: 0}
    - target: {fileID: 400000, guid: 318805f6979f5784099c2204246d9d0c, type: 3}
      propertyPath: m_LocalScale.x
      value: 0.74184674
      objectReference: {fileID: 0}
    - target: {fileID: 400000, guid: 318805f6979f5784099c2204246d9d0c, type: 3}
      propertyPath: m_LocalScale.y
      value: 0.7418466
      objectReference: {fileID: 0}
    - target: {fileID: 400000, guid: 318805f6979f5784099c2204246d9d0c, type: 3}
      propertyPath: m_LocalScale.z
      value: 0.74184674
      objectReference: {fileID: 0}
    m_RemovedComponents: []
  m_SourcePrefab: {fileID: 100100000, guid: 318805f6979f5784099c2204246d9d0c, type: 3}
--- !u!4 &3552504401572267847 stripped
Transform:
  m_CorrespondingSourceObject: {fileID: 400000, guid: 318805f6979f5784099c2204246d9d0c,
    type: 3}
  m_PrefabInstance: {fileID: 3552504401572404679}
  m_PrefabAsset: {fileID: 0}
--- !u!1001 &4093911060776897937
PrefabInstance:
  m_ObjectHideFlags: 0
  serializedVersion: 2
  m_Modification:
    m_TransformParent: {fileID: 2107794277514980486}
    m_Modifications:
    - target: {fileID: 182730, guid: a51e0771e39ec15429e6385bcc6a5b3b, type: 3}
      propertyPath: m_Name
      value: fe_vil_crate_11c
      objectReference: {fileID: 0}
    - target: {fileID: 479666, guid: a51e0771e39ec15429e6385bcc6a5b3b, type: 3}
      propertyPath: m_LocalPosition.x
      value: 0
      objectReference: {fileID: 0}
    - target: {fileID: 479666, guid: a51e0771e39ec15429e6385bcc6a5b3b, type: 3}
      propertyPath: m_LocalPosition.y
      value: 0
      objectReference: {fileID: 0}
    - target: {fileID: 479666, guid: a51e0771e39ec15429e6385bcc6a5b3b, type: 3}
      propertyPath: m_LocalPosition.z
      value: 0
      objectReference: {fileID: 0}
    - target: {fileID: 479666, guid: a51e0771e39ec15429e6385bcc6a5b3b, type: 3}
      propertyPath: m_LocalRotation.x
      value: -0
      objectReference: {fileID: 0}
    - target: {fileID: 479666, guid: a51e0771e39ec15429e6385bcc6a5b3b, type: 3}
      propertyPath: m_LocalRotation.y
      value: -0
      objectReference: {fileID: 0}
    - target: {fileID: 479666, guid: a51e0771e39ec15429e6385bcc6a5b3b, type: 3}
      propertyPath: m_LocalRotation.z
      value: -0
      objectReference: {fileID: 0}
    - target: {fileID: 479666, guid: a51e0771e39ec15429e6385bcc6a5b3b, type: 3}
      propertyPath: m_LocalRotation.w
      value: 1
      objectReference: {fileID: 0}
    - target: {fileID: 479666, guid: a51e0771e39ec15429e6385bcc6a5b3b, type: 3}
      propertyPath: m_RootOrder
      value: 1
      objectReference: {fileID: 0}
    - target: {fileID: 479666, guid: a51e0771e39ec15429e6385bcc6a5b3b, type: 3}
      propertyPath: m_LocalEulerAnglesHint.x
      value: 0
      objectReference: {fileID: 0}
    - target: {fileID: 479666, guid: a51e0771e39ec15429e6385bcc6a5b3b, type: 3}
      propertyPath: m_LocalEulerAnglesHint.y
      value: 0
      objectReference: {fileID: 0}
    - target: {fileID: 479666, guid: a51e0771e39ec15429e6385bcc6a5b3b, type: 3}
      propertyPath: m_LocalEulerAnglesHint.z
      value: 0
      objectReference: {fileID: 0}
    m_RemovedComponents: []
  m_SourcePrefab: {fileID: 100100000, guid: a51e0771e39ec15429e6385bcc6a5b3b, type: 3}
--- !u!4 &4093911060776557603 stripped
Transform:
  m_CorrespondingSourceObject: {fileID: 479666, guid: a51e0771e39ec15429e6385bcc6a5b3b,
    type: 3}
  m_PrefabInstance: {fileID: 4093911060776897937}
  m_PrefabAsset: {fileID: 0}
--- !u!1001 &6630945841270172107
PrefabInstance:
  m_ObjectHideFlags: 0
  serializedVersion: 2
  m_Modification:
    m_TransformParent: {fileID: 6286308441479296005}
    m_Modifications:
    - target: {fileID: 100000, guid: 318805f6979f5784099c2204246d9d0c, type: 3}
      propertyPath: m_Name
      value: fi_vil_food_onion02
      objectReference: {fileID: 0}
    - target: {fileID: 400000, guid: 318805f6979f5784099c2204246d9d0c, type: 3}
      propertyPath: m_LocalPosition.x
      value: -0.28290105
      objectReference: {fileID: 0}
    - target: {fileID: 400000, guid: 318805f6979f5784099c2204246d9d0c, type: 3}
      propertyPath: m_LocalPosition.y
      value: 0.17648801
      objectReference: {fileID: 0}
    - target: {fileID: 400000, guid: 318805f6979f5784099c2204246d9d0c, type: 3}
      propertyPath: m_LocalPosition.z
      value: -0.05766524
      objectReference: {fileID: 0}
    - target: {fileID: 400000, guid: 318805f6979f5784099c2204246d9d0c, type: 3}
      propertyPath: m_LocalRotation.x
      value: -0
      objectReference: {fileID: 0}
    - target: {fileID: 400000, guid: 318805f6979f5784099c2204246d9d0c, type: 3}
      propertyPath: m_LocalRotation.y
      value: -0.98839986
      objectReference: {fileID: 0}
    - target: {fileID: 400000, guid: 318805f6979f5784099c2204246d9d0c, type: 3}
      propertyPath: m_LocalRotation.z
      value: -0
      objectReference: {fileID: 0}
    - target: {fileID: 400000, guid: 318805f6979f5784099c2204246d9d0c, type: 3}
      propertyPath: m_LocalRotation.w
      value: 0.15187386
      objectReference: {fileID: 0}
    - target: {fileID: 400000, guid: 318805f6979f5784099c2204246d9d0c, type: 3}
      propertyPath: m_RootOrder
      value: 4
      objectReference: {fileID: 0}
    - target: {fileID: 400000, guid: 318805f6979f5784099c2204246d9d0c, type: 3}
      propertyPath: m_LocalEulerAnglesHint.x
      value: 0
      objectReference: {fileID: 0}
    - target: {fileID: 400000, guid: 318805f6979f5784099c2204246d9d0c, type: 3}
      propertyPath: m_LocalEulerAnglesHint.y
      value: -162.529
      objectReference: {fileID: 0}
    - target: {fileID: 400000, guid: 318805f6979f5784099c2204246d9d0c, type: 3}
      propertyPath: m_LocalEulerAnglesHint.z
      value: 0
      objectReference: {fileID: 0}
    m_RemovedComponents: []
  m_SourcePrefab: {fileID: 100100000, guid: 318805f6979f5784099c2204246d9d0c, type: 3}
--- !u!4 &6630945841270305611 stripped
Transform:
  m_CorrespondingSourceObject: {fileID: 400000, guid: 318805f6979f5784099c2204246d9d0c,
    type: 3}
  m_PrefabInstance: {fileID: 6630945841270172107}
  m_PrefabAsset: {fileID: 0}
--- !u!1001 &7438590096274296742
PrefabInstance:
  m_ObjectHideFlags: 0
  serializedVersion: 2
  m_Modification:
    m_TransformParent: {fileID: 6286308441479296005}
    m_Modifications:
    - target: {fileID: 100000, guid: 318805f6979f5784099c2204246d9d0c, type: 3}
      propertyPath: m_Name
      value: fi_vil_food_onion02
      objectReference: {fileID: 0}
    - target: {fileID: 400000, guid: 318805f6979f5784099c2204246d9d0c, type: 3}
      propertyPath: m_LocalPosition.x
      value: -0.13813084
      objectReference: {fileID: 0}
    - target: {fileID: 400000, guid: 318805f6979f5784099c2204246d9d0c, type: 3}
      propertyPath: m_LocalPosition.y
      value: 0.020807788
      objectReference: {fileID: 0}
    - target: {fileID: 400000, guid: 318805f6979f5784099c2204246d9d0c, type: 3}
      propertyPath: m_LocalPosition.z
      value: 0.07220969
      objectReference: {fileID: 0}
    - target: {fileID: 400000, guid: 318805f6979f5784099c2204246d9d0c, type: 3}
      propertyPath: m_LocalRotation.x
      value: -0.005237722
      objectReference: {fileID: 0}
    - target: {fileID: 400000, guid: 318805f6979f5784099c2204246d9d0c, type: 3}
      propertyPath: m_LocalRotation.y
      value: 0.061451778
      objectReference: {fileID: 0}
    - target: {fileID: 400000, guid: 318805f6979f5784099c2204246d9d0c, type: 3}
      propertyPath: m_LocalRotation.z
      value: 0.00025187308
      objectReference: {fileID: 0}
    - target: {fileID: 400000, guid: 318805f6979f5784099c2204246d9d0c, type: 3}
      propertyPath: m_LocalRotation.w
      value: 0.9980963
      objectReference: {fileID: 0}
    - target: {fileID: 400000, guid: 318805f6979f5784099c2204246d9d0c, type: 3}
      propertyPath: m_RootOrder
      value: 2
      objectReference: {fileID: 0}
    - target: {fileID: 400000, guid: 318805f6979f5784099c2204246d9d0c, type: 3}
      propertyPath: m_LocalEulerAnglesHint.x
      value: -0.601
      objectReference: {fileID: 0}
    - target: {fileID: 400000, guid: 318805f6979f5784099c2204246d9d0c, type: 3}
      propertyPath: m_LocalEulerAnglesHint.y
      value: 7.0460005
      objectReference: {fileID: 0}
    - target: {fileID: 400000, guid: 318805f6979f5784099c2204246d9d0c, type: 3}
      propertyPath: m_LocalEulerAnglesHint.z
      value: -0.008
      objectReference: {fileID: 0}
    m_RemovedComponents: []
  m_SourcePrefab: {fileID: 100100000, guid: 318805f6979f5784099c2204246d9d0c, type: 3}
--- !u!4 &7438590096274429222 stripped
Transform:
  m_CorrespondingSourceObject: {fileID: 400000, guid: 318805f6979f5784099c2204246d9d0c,
    type: 3}
  m_PrefabInstance: {fileID: 7438590096274296742}
  m_PrefabAsset: {fileID: 0}
--- !u!1001 &8776249871482054509
PrefabInstance:
  m_ObjectHideFlags: 0
  serializedVersion: 2
  m_Modification:
    m_TransformParent: {fileID: 6286308441479296005}
    m_Modifications:
    - target: {fileID: 100000, guid: 318805f6979f5784099c2204246d9d0c, type: 3}
      propertyPath: m_Name
      value: fi_vil_food_onion02
      objectReference: {fileID: 0}
    - target: {fileID: 400000, guid: 318805f6979f5784099c2204246d9d0c, type: 3}
      propertyPath: m_LocalPosition.x
      value: -0.2784
      objectReference: {fileID: 0}
    - target: {fileID: 400000, guid: 318805f6979f5784099c2204246d9d0c, type: 3}
      propertyPath: m_LocalPosition.y
      value: 0.065512
      objectReference: {fileID: 0}
    - target: {fileID: 400000, guid: 318805f6979f5784099c2204246d9d0c, type: 3}
      propertyPath: m_LocalPosition.z
      value: -0.1496
      objectReference: {fileID: 0}
    - target: {fileID: 400000, guid: 318805f6979f5784099c2204246d9d0c, type: 3}
      propertyPath: m_LocalRotation.x
      value: -0
      objectReference: {fileID: 0}
    - target: {fileID: 400000, guid: 318805f6979f5784099c2204246d9d0c, type: 3}
      propertyPath: m_LocalRotation.y
      value: -0.034810983
      objectReference: {fileID: 0}
    - target: {fileID: 400000, guid: 318805f6979f5784099c2204246d9d0c, type: 3}
      propertyPath: m_LocalRotation.z
      value: -0
      objectReference: {fileID: 0}
    - target: {fileID: 400000, guid: 318805f6979f5784099c2204246d9d0c, type: 3}
      propertyPath: m_LocalRotation.w
      value: 0.99939394
      objectReference: {fileID: 0}
    - target: {fileID: 400000, guid: 318805f6979f5784099c2204246d9d0c, type: 3}
      propertyPath: m_RootOrder
      value: 3
      objectReference: {fileID: 0}
    - target: {fileID: 400000, guid: 318805f6979f5784099c2204246d9d0c, type: 3}
      propertyPath: m_LocalEulerAnglesHint.x
      value: 0
      objectReference: {fileID: 0}
    - target: {fileID: 400000, guid: 318805f6979f5784099c2204246d9d0c, type: 3}
      propertyPath: m_LocalEulerAnglesHint.y
      value: -3.9900002
      objectReference: {fileID: 0}
    - target: {fileID: 400000, guid: 318805f6979f5784099c2204246d9d0c, type: 3}
      propertyPath: m_LocalEulerAnglesHint.z
      value: 0
      objectReference: {fileID: 0}
    - target: {fileID: 400000, guid: 318805f6979f5784099c2204246d9d0c, type: 3}
      propertyPath: m_LocalScale.x
      value: 0.6769202
      objectReference: {fileID: 0}
    - target: {fileID: 400000, guid: 318805f6979f5784099c2204246d9d0c, type: 3}
      propertyPath: m_LocalScale.y
      value: 0.6769202
      objectReference: {fileID: 0}
    - target: {fileID: 400000, guid: 318805f6979f5784099c2204246d9d0c, type: 3}
      propertyPath: m_LocalScale.z
      value: 0.6769202
      objectReference: {fileID: 0}
    m_RemovedComponents: []
  m_SourcePrefab: {fileID: 100100000, guid: 318805f6979f5784099c2204246d9d0c, type: 3}
--- !u!4 &8776249871482453485 stripped
Transform:
  m_CorrespondingSourceObject: {fileID: 400000, guid: 318805f6979f5784099c2204246d9d0c,
    type: 3}
  m_PrefabInstance: {fileID: 8776249871482054509}
  m_PrefabAsset: {fileID: 0}
