%YAML 1.1
%TAG !u! tag:unity3d.com,2011:
--- !u!1 &455859594529588227
GameObject:
  m_ObjectHideFlags: 0
  m_CorrespondingSourceObject: {fileID: 0}
  m_PrefabInstance: {fileID: 0}
  m_PrefabAsset: {fileID: 0}
  serializedVersion: 6
  m_Component:
  - component: {fileID: 8545197934008575319}
  m_Layer: 0
  m_Name: CrateGarlicSet03
  m_TagString: Untagged
  m_Icon: {fileID: 0}
  m_NavMeshLayer: 0
  m_StaticEditorFlags: 0
  m_IsActive: 1
--- !u!4 &8545197934008575319
Transform:
  m_ObjectHideFlags: 0
  m_CorrespondingSourceObject: {fileID: 0}
  m_PrefabInstance: {fileID: 0}
  m_PrefabAsset: {fileID: 0}
  m_GameObject: {fileID: 455859594529588227}
  m_LocalRotation: {x: 0, y: 0, z: 0, w: 1}
  m_LocalPosition: {x: 0, y: 0, z: 0}
  m_LocalScale: {x: 1, y: 1, z: 1}
  m_Children:
  - {fileID: 1702697983289718093}
  - {fileID: 1332701037462284334}
  - {fileID: 359160134462687881}
  - {fileID: 3815683936348014867}
  - {fileID: 49865536963492485}
  - {fileID: 367620513727981523}
  - {fileID: 6744832166023418912}
  m_Father: {fileID: 0}
  m_RootOrder: 0
  m_LocalEulerAnglesHint: {x: 0, y: 0, z: 0}
--- !u!1001 &49865536963092485
PrefabInstance:
  m_ObjectHideFlags: 0
  serializedVersion: 2
  m_Modification:
    m_TransformParent: {fileID: 8545197934008575319}
    m_Modifications:
    - target: {fileID: 100000, guid: e86ec99419620d140b64097210a52bd5, type: 3}
      propertyPath: m_Name
      value: fi_vil_food_garlic02
      objectReference: {fileID: 0}
    - target: {fileID: 400000, guid: e86ec99419620d140b64097210a52bd5, type: 3}
      propertyPath: m_LocalPosition.x
      value: 0.21438122
      objectReference: {fileID: 0}
    - target: {fileID: 400000, guid: e86ec99419620d140b64097210a52bd5, type: 3}
      propertyPath: m_LocalPosition.y
      value: 0.0030609544
      objectReference: {fileID: 0}
    - target: {fileID: 400000, guid: e86ec99419620d140b64097210a52bd5, type: 3}
      propertyPath: m_LocalPosition.z
      value: 0.51619697
      objectReference: {fileID: 0}
    - target: {fileID: 400000, guid: e86ec99419620d140b64097210a52bd5, type: 3}
      propertyPath: m_LocalRotation.x
      value: -0
      objectReference: {fileID: 0}
    - target: {fileID: 400000, guid: e86ec99419620d140b64097210a52bd5, type: 3}
      propertyPath: m_LocalRotation.y
      value: -0
      objectReference: {fileID: 0}
    - target: {fileID: 400000, guid: e86ec99419620d140b64097210a52bd5, type: 3}
      propertyPath: m_LocalRotation.z
      value: -0
      objectReference: {fileID: 0}
    - target: {fileID: 400000, guid: e86ec99419620d140b64097210a52bd5, type: 3}
      propertyPath: m_LocalRotation.w
      value: 1
      objectReference: {fileID: 0}
    - target: {fileID: 400000, guid: e86ec99419620d140b64097210a52bd5, type: 3}
      propertyPath: m_RootOrder
      value: 4
      objectReference: {fileID: 0}
    - target: {fileID: 400000, guid: e86ec99419620d140b64097210a52bd5, type: 3}
      propertyPath: m_LocalEulerAnglesHint.x
      value: 0
      objectReference: {fileID: 0}
    - target: {fileID: 400000, guid: e86ec99419620d140b64097210a52bd5, type: 3}
      propertyPath: m_LocalEulerAnglesHint.y
      value: 0
      objectReference: {fileID: 0}
    - target: {fileID: 400000, guid: e86ec99419620d140b64097210a52bd5, type: 3}
      propertyPath: m_LocalEulerAnglesHint.z
      value: 0
      objectReference: {fileID: 0}
    m_RemovedComponents: []
  m_SourcePrefab: {fileID: 100100000, guid: e86ec99419620d140b64097210a52bd5, type: 3}
--- !u!4 &49865536963492485 stripped
Transform:
  m_CorrespondingSourceObject: {fileID: 400000, guid: e86ec99419620d140b64097210a52bd5,
    type: 3}
  m_PrefabInstance: {fileID: 49865536963092485}
  m_PrefabAsset: {fileID: 0}
--- !u!1001 &367620513727593811
PrefabInstance:
  m_ObjectHideFlags: 0
  serializedVersion: 2
  m_Modification:
    m_TransformParent: {fileID: 8545197934008575319}
    m_Modifications:
    - target: {fileID: 100000, guid: e86ec99419620d140b64097210a52bd5, type: 3}
      propertyPath: m_Name
      value: fi_vil_food_garlic02
      objectReference: {fileID: 0}
    - target: {fileID: 400000, guid: e86ec99419620d140b64097210a52bd5, type: 3}
      propertyPath: m_LocalPosition.x
      value: 0.586
      objectReference: {fileID: 0}
    - target: {fileID: 400000, guid: e86ec99419620d140b64097210a52bd5, type: 3}
      propertyPath: m_LocalPosition.y
      value: 0.0030609518
      objectReference: {fileID: 0}
    - target: {fileID: 400000, guid: e86ec99419620d140b64097210a52bd5, type: 3}
      propertyPath: m_LocalPosition.z
      value: 0.168
      objectReference: {fileID: 0}
    - target: {fileID: 400000, guid: e86ec99419620d140b64097210a52bd5, type: 3}
      propertyPath: m_LocalRotation.x
      value: -0
      objectReference: {fileID: 0}
    - target: {fileID: 400000, guid: e86ec99419620d140b64097210a52bd5, type: 3}
      propertyPath: m_LocalRotation.y
      value: -0.2963197
      objectReference: {fileID: 0}
    - target: {fileID: 400000, guid: e86ec99419620d140b64097210a52bd5, type: 3}
      propertyPath: m_LocalRotation.z
      value: -0
      objectReference: {fileID: 0}
    - target: {fileID: 400000, guid: e86ec99419620d140b64097210a52bd5, type: 3}
      propertyPath: m_LocalRotation.w
      value: 0.95508885
      objectReference: {fileID: 0}
    - target: {fileID: 400000, guid: e86ec99419620d140b64097210a52bd5, type: 3}
      propertyPath: m_RootOrder
      value: 5
      objectReference: {fileID: 0}
    - target: {fileID: 400000, guid: e86ec99419620d140b64097210a52bd5, type: 3}
      propertyPath: m_LocalEulerAnglesHint.x
      value: 0
      objectReference: {fileID: 0}
    - target: {fileID: 400000, guid: e86ec99419620d140b64097210a52bd5, type: 3}
      propertyPath: m_LocalEulerAnglesHint.y
      value: -34.473003
      objectReference: {fileID: 0}
    - target: {fileID: 400000, guid: e86ec99419620d140b64097210a52bd5, type: 3}
      propertyPath: m_LocalEulerAnglesHint.z
      value: 0
      objectReference: {fileID: 0}
    m_RemovedComponents: []
  m_SourcePrefab: {fileID: 100100000, guid: e86ec99419620d140b64097210a52bd5, type: 3}
--- !u!4 &367620513727981523 stripped
Transform:
  m_CorrespondingSourceObject: {fileID: 400000, guid: e86ec99419620d140b64097210a52bd5,
    type: 3}
  m_PrefabInstance: {fileID: 367620513727593811}
  m_PrefabAsset: {fileID: 0}
--- !u!1001 &2643370199516291669
PrefabInstance:
  m_ObjectHideFlags: 0
  serializedVersion: 2
  m_Modification:
    m_TransformParent: {fileID: 8545197934008575319}
    m_Modifications:
    - target: {fileID: 3582083454702929032, guid: cea0cbfe3c4ec874dab2d76fe7f993fb,
        type: 3}
      propertyPath: m_Name
      value: CrateGarlic01
      objectReference: {fileID: 0}
    - target: {fileID: 3950105167424014971, guid: cea0cbfe3c4ec874dab2d76fe7f993fb,
        type: 3}
      propertyPath: m_LocalPosition.x
      value: -0.049417246
      objectReference: {fileID: 0}
    - target: {fileID: 3950105167424014971, guid: cea0cbfe3c4ec874dab2d76fe7f993fb,
        type: 3}
      propertyPath: m_LocalPosition.y
      value: 0.335
      objectReference: {fileID: 0}
    - target: {fileID: 3950105167424014971, guid: cea0cbfe3c4ec874dab2d76fe7f993fb,
        type: 3}
      propertyPath: m_LocalPosition.z
      value: 0.070565745
      objectReference: {fileID: 0}
    - target: {fileID: 3950105167424014971, guid: cea0cbfe3c4ec874dab2d76fe7f993fb,
        type: 3}
      propertyPath: m_LocalRotation.x
      value: -0
      objectReference: {fileID: 0}
    - target: {fileID: 3950105167424014971, guid: cea0cbfe3c4ec874dab2d76fe7f993fb,
        type: 3}
      propertyPath: m_LocalRotation.y
      value: -0.1008303
      objectReference: {fileID: 0}
    - target: {fileID: 3950105167424014971, guid: cea0cbfe3c4ec874dab2d76fe7f993fb,
        type: 3}
      propertyPath: m_LocalRotation.z
      value: -0
      objectReference: {fileID: 0}
    - target: {fileID: 3950105167424014971, guid: cea0cbfe3c4ec874dab2d76fe7f993fb,
        type: 3}
      propertyPath: m_LocalRotation.w
      value: 0.9949037
      objectReference: {fileID: 0}
    - target: {fileID: 3950105167424014971, guid: cea0cbfe3c4ec874dab2d76fe7f993fb,
        type: 3}
      propertyPath: m_RootOrder
      value: 1
      objectReference: {fileID: 0}
    - target: {fileID: 3950105167424014971, guid: cea0cbfe3c4ec874dab2d76fe7f993fb,
        type: 3}
      propertyPath: m_LocalEulerAnglesHint.x
      value: 0
      objectReference: {fileID: 0}
    - target: {fileID: 3950105167424014971, guid: cea0cbfe3c4ec874dab2d76fe7f993fb,
        type: 3}
      propertyPath: m_LocalEulerAnglesHint.y
      value: -11.574
      objectReference: {fileID: 0}
    - target: {fileID: 3950105167424014971, guid: cea0cbfe3c4ec874dab2d76fe7f993fb,
        type: 3}
      propertyPath: m_LocalEulerAnglesHint.z
      value: 0
      objectReference: {fileID: 0}
    m_RemovedComponents: []
  m_SourcePrefab: {fileID: 100100000, guid: cea0cbfe3c4ec874dab2d76fe7f993fb, type: 3}
--- !u!4 &1332701037462284334 stripped
Transform:
  m_CorrespondingSourceObject: {fileID: 3950105167424014971, guid: cea0cbfe3c4ec874dab2d76fe7f993fb,
    type: 3}
  m_PrefabInstance: {fileID: 2643370199516291669}
  m_PrefabAsset: {fileID: 0}
--- !u!1001 &3614817674789322994
PrefabInstance:
  m_ObjectHideFlags: 0
  serializedVersion: 2
  m_Modification:
    m_TransformParent: {fileID: 8545197934008575319}
    m_Modifications:
    - target: {fileID: 3582083454702929032, guid: cea0cbfe3c4ec874dab2d76fe7f993fb,
        type: 3}
      propertyPath: m_Name
      value: CrateGarlic01
      objectReference: {fileID: 0}
    - target: {fileID: 3950105167424014971, guid: cea0cbfe3c4ec874dab2d76fe7f993fb,
        type: 3}
      propertyPath: m_LocalPosition.x
      value: -0.049417246
      objectReference: {fileID: 0}
    - target: {fileID: 3950105167424014971, guid: cea0cbfe3c4ec874dab2d76fe7f993fb,
        type: 3}
      propertyPath: m_LocalPosition.y
      value: 0.6263
      objectReference: {fileID: 0}
    - target: {fileID: 3950105167424014971, guid: cea0cbfe3c4ec874dab2d76fe7f993fb,
        type: 3}
      propertyPath: m_LocalPosition.z
      value: 0.070565745
      objectReference: {fileID: 0}
    - target: {fileID: 3950105167424014971, guid: cea0cbfe3c4ec874dab2d76fe7f993fb,
        type: 3}
      propertyPath: m_LocalRotation.x
      value: -0
      objectReference: {fileID: 0}
    - target: {fileID: 3950105167424014971, guid: cea0cbfe3c4ec874dab2d76fe7f993fb,
        type: 3}
      propertyPath: m_LocalRotation.y
      value: -0.1008303
      objectReference: {fileID: 0}
    - target: {fileID: 3950105167424014971, guid: cea0cbfe3c4ec874dab2d76fe7f993fb,
        type: 3}
      propertyPath: m_LocalRotation.z
      value: -0
      objectReference: {fileID: 0}
    - target: {fileID: 3950105167424014971, guid: cea0cbfe3c4ec874dab2d76fe7f993fb,
        type: 3}
      propertyPath: m_LocalRotation.w
      value: 0.9949037
      objectReference: {fileID: 0}
    - target: {fileID: 3950105167424014971, guid: cea0cbfe3c4ec874dab2d76fe7f993fb,
        type: 3}
      propertyPath: m_RootOrder
      value: 2
      objectReference: {fileID: 0}
    - target: {fileID: 3950105167424014971, guid: cea0cbfe3c4ec874dab2d76fe7f993fb,
        type: 3}
      propertyPath: m_LocalEulerAnglesHint.x
      value: 0
      objectReference: {fileID: 0}
    - target: {fileID: 3950105167424014971, guid: cea0cbfe3c4ec874dab2d76fe7f993fb,
        type: 3}
      propertyPath: m_LocalEulerAnglesHint.y
      value: -11.574
      objectReference: {fileID: 0}
    - target: {fileID: 3950105167424014971, guid: cea0cbfe3c4ec874dab2d76fe7f993fb,
        type: 3}
      propertyPath: m_LocalEulerAnglesHint.z
      value: 0
      objectReference: {fileID: 0}
    m_RemovedComponents: []
  m_SourcePrefab: {fileID: 100100000, guid: cea0cbfe3c4ec874dab2d76fe7f993fb, type: 3}
--- !u!4 &359160134462687881 stripped
Transform:
  m_CorrespondingSourceObject: {fileID: 3950105167424014971, guid: cea0cbfe3c4ec874dab2d76fe7f993fb,
    type: 3}
  m_PrefabInstance: {fileID: 3614817674789322994}
  m_PrefabAsset: {fileID: 0}
--- !u!1001 &3815683936348410771
PrefabInstance:
  m_ObjectHideFlags: 0
  serializedVersion: 2
  m_Modification:
    m_TransformParent: {fileID: 8545197934008575319}
    m_Modifications:
    - target: {fileID: 100000, guid: 4d185f7a02189d340861a228b6b79855, type: 3}
      propertyPath: m_Name
      value: fi_vil_food_garlic01
      objectReference: {fileID: 0}
    - target: {fileID: 400000, guid: 4d185f7a02189d340861a228b6b79855, type: 3}
      propertyPath: m_LocalPosition.x
      value: 0.47497147
      objectReference: {fileID: 0}
    - target: {fileID: 400000, guid: 4d185f7a02189d340861a228b6b79855, type: 3}
      propertyPath: m_LocalPosition.y
      value: 0
      objectReference: {fileID: 0}
    - target: {fileID: 400000, guid: 4d185f7a02189d340861a228b6b79855, type: 3}
      propertyPath: m_LocalPosition.z
      value: 0.46284342
      objectReference: {fileID: 0}
    - target: {fileID: 400000, guid: 4d185f7a02189d340861a228b6b79855, type: 3}
      propertyPath: m_LocalRotation.x
      value: -0
      objectReference: {fileID: 0}
    - target: {fileID: 400000, guid: 4d185f7a02189d340861a228b6b79855, type: 3}
      propertyPath: m_LocalRotation.y
      value: 0.4357849
      objectReference: {fileID: 0}
    - target: {fileID: 400000, guid: 4d185f7a02189d340861a228b6b79855, type: 3}
      propertyPath: m_LocalRotation.z
      value: -0
      objectReference: {fileID: 0}
    - target: {fileID: 400000, guid: 4d185f7a02189d340861a228b6b79855, type: 3}
      propertyPath: m_LocalRotation.w
      value: 0.9000508
      objectReference: {fileID: 0}
    - target: {fileID: 400000, guid: 4d185f7a02189d340861a228b6b79855, type: 3}
      propertyPath: m_RootOrder
      value: 3
      objectReference: {fileID: 0}
    - target: {fileID: 400000, guid: 4d185f7a02189d340861a228b6b79855, type: 3}
      propertyPath: m_LocalEulerAnglesHint.x
      value: 0
      objectReference: {fileID: 0}
    - target: {fileID: 400000, guid: 4d185f7a02189d340861a228b6b79855, type: 3}
      propertyPath: m_LocalEulerAnglesHint.y
      value: 51.671
      objectReference: {fileID: 0}
    - target: {fileID: 400000, guid: 4d185f7a02189d340861a228b6b79855, type: 3}
      propertyPath: m_LocalEulerAnglesHint.z
      value: 0
      objectReference: {fileID: 0}
    - target: {fileID: 400000, guid: 4d185f7a02189d340861a228b6b79855, type: 3}
      propertyPath: m_LocalScale.x
      value: 1.3306
      objectReference: {fileID: 0}
    - target: {fileID: 400000, guid: 4d185f7a02189d340861a228b6b79855, type: 3}
      propertyPath: m_LocalScale.y
      value: 1.3306
      objectReference: {fileID: 0}
    - target: {fileID: 400000, guid: 4d185f7a02189d340861a228b6b79855, type: 3}
      propertyPath: m_LocalScale.z
      value: 1.3306
      objectReference: {fileID: 0}
    m_RemovedComponents: []
  m_SourcePrefab: {fileID: 100100000, guid: 4d185f7a02189d340861a228b6b79855, type: 3}
--- !u!4 &3815683936348014867 stripped
Transform:
  m_CorrespondingSourceObject: {fileID: 400000, guid: 4d185f7a02189d340861a228b6b79855,
    type: 3}
  m_PrefabInstance: {fileID: 3815683936348410771}
  m_PrefabAsset: {fileID: 0}
--- !u!1001 &4588808897801980323
PrefabInstance:
  m_ObjectHideFlags: 0
  serializedVersion: 2
  m_Modification:
    m_TransformParent: {fileID: 8545197934008575319}
    m_Modifications:
    - target: {fileID: 51524327153964972, guid: a05d4f44ed5fced40b34826faa04f4db,
        type: 3}
      propertyPath: m_Name
      value: CrateGarlic03
      objectReference: {fileID: 0}
    - target: {fileID: 1516636090113932211, guid: a05d4f44ed5fced40b34826faa04f4db,
        type: 3}
      propertyPath: m_LocalPosition.y
      value: 0.2
      objectReference: {fileID: 0}
    - target: {fileID: 1902462690131717190, guid: a05d4f44ed5fced40b34826faa04f4db,
        type: 3}
      propertyPath: m_LocalPosition.y
      value: 0.2037
      objectReference: {fileID: 0}
    - target: {fileID: 2057300085743367324, guid: a05d4f44ed5fced40b34826faa04f4db,
        type: 3}
      propertyPath: m_LocalPosition.y
      value: 0.173
      objectReference: {fileID: 0}
    - target: {fileID: 2886679449005358318, guid: a05d4f44ed5fced40b34826faa04f4db,
        type: 3}
      propertyPath: m_LocalPosition.x
      value: -0.054999948
      objectReference: {fileID: 0}
    - target: {fileID: 2886679449005358318, guid: a05d4f44ed5fced40b34826faa04f4db,
        type: 3}
      propertyPath: m_LocalPosition.y
      value: 0
      objectReference: {fileID: 0}
    - target: {fileID: 2886679449005358318, guid: a05d4f44ed5fced40b34826faa04f4db,
        type: 3}
      propertyPath: m_LocalPosition.z
      value: 0.07
      objectReference: {fileID: 0}
    - target: {fileID: 2886679449005358318, guid: a05d4f44ed5fced40b34826faa04f4db,
        type: 3}
      propertyPath: m_LocalRotation.x
      value: -0
      objectReference: {fileID: 0}
    - target: {fileID: 2886679449005358318, guid: a05d4f44ed5fced40b34826faa04f4db,
        type: 3}
      propertyPath: m_LocalRotation.y
      value: -0
      objectReference: {fileID: 0}
    - target: {fileID: 2886679449005358318, guid: a05d4f44ed5fced40b34826faa04f4db,
        type: 3}
      propertyPath: m_LocalRotation.z
      value: -0
      objectReference: {fileID: 0}
    - target: {fileID: 2886679449005358318, guid: a05d4f44ed5fced40b34826faa04f4db,
        type: 3}
      propertyPath: m_LocalRotation.w
      value: 1
      objectReference: {fileID: 0}
    - target: {fileID: 2886679449005358318, guid: a05d4f44ed5fced40b34826faa04f4db,
        type: 3}
      propertyPath: m_RootOrder
      value: 0
      objectReference: {fileID: 0}
    - target: {fileID: 2886679449005358318, guid: a05d4f44ed5fced40b34826faa04f4db,
        type: 3}
      propertyPath: m_LocalEulerAnglesHint.x
      value: 0
      objectReference: {fileID: 0}
    - target: {fileID: 2886679449005358318, guid: a05d4f44ed5fced40b34826faa04f4db,
        type: 3}
      propertyPath: m_LocalEulerAnglesHint.y
      value: 0
      objectReference: {fileID: 0}
    - target: {fileID: 2886679449005358318, guid: a05d4f44ed5fced40b34826faa04f4db,
        type: 3}
      propertyPath: m_LocalEulerAnglesHint.z
      value: 0
      objectReference: {fileID: 0}
    - target: {fileID: 3726655371278402804, guid: a05d4f44ed5fced40b34826faa04f4db,
        type: 3}
      propertyPath: m_LocalPosition.y
      value: 0.212
      objectReference: {fileID: 0}
    - target: {fileID: 5938393232864367812, guid: a05d4f44ed5fced40b34826faa04f4db,
        type: 3}
      propertyPath: m_LocalPosition.y
      value: 0.1994
      objectReference: {fileID: 0}
    m_RemovedComponents: []
  m_SourcePrefab: {fileID: 100100000, guid: a05d4f44ed5fced40b34826faa04f4db, type: 3}
--- !u!4 &1702697983289718093 stripped
Transform:
  m_CorrespondingSourceObject: {fileID: 2886679449005358318, guid: a05d4f44ed5fced40b34826faa04f4db,
    type: 3}
  m_PrefabInstance: {fileID: 4588808897801980323}
  m_PrefabAsset: {fileID: 0}
--- !u!1001 &6744832166023286432
PrefabInstance:
  m_ObjectHideFlags: 0
  serializedVersion: 2
  m_Modification:
    m_TransformParent: {fileID: 8545197934008575319}
    m_Modifications:
    - target: {fileID: 100000, guid: e86ec99419620d140b64097210a52bd5, type: 3}
      propertyPath: m_Name
      value: fi_vil_food_garlic02
      objectReference: {fileID: 0}
    - target: {fileID: 400000, guid: e86ec99419620d140b64097210a52bd5, type: 3}
      propertyPath: m_LocalPosition.x
      value: -0.23429994
      objectReference: {fileID: 0}
    - target: {fileID: 400000, guid: e86ec99419620d140b64097210a52bd5, type: 3}
      propertyPath: m_LocalPosition.y
      value: 0.0030609518
      objectReference: {fileID: 0}
    - target: {fileID: 400000, guid: e86ec99419620d140b64097210a52bd5, type: 3}
      propertyPath: m_LocalPosition.z
      value: -0.33720002
      objectReference: {fileID: 0}
    - target: {fileID: 400000, guid: e86ec99419620d140b64097210a52bd5, type: 3}
      propertyPath: m_LocalRotation.x
      value: -0
      objectReference: {fileID: 0}
    - target: {fileID: 400000, guid: e86ec99419620d140b64097210a52bd5, type: 3}
      propertyPath: m_LocalRotation.y
      value: -0.59807414
      objectReference: {fileID: 0}
    - target: {fileID: 400000, guid: e86ec99419620d140b64097210a52bd5, type: 3}
      propertyPath: m_LocalRotation.z
      value: -0
      objectReference: {fileID: 0}
    - target: {fileID: 400000, guid: e86ec99419620d140b64097210a52bd5, type: 3}
      propertyPath: m_LocalRotation.w
      value: 0.80144083
      objectReference: {fileID: 0}
    - target: {fileID: 400000, guid: e86ec99419620d140b64097210a52bd5, type: 3}
      propertyPath: m_RootOrder
      value: 6
      objectReference: {fileID: 0}
    - target: {fileID: 400000, guid: e86ec99419620d140b64097210a52bd5, type: 3}
      propertyPath: m_LocalEulerAnglesHint.x
      value: 0
      objectReference: {fileID: 0}
    - target: {fileID: 400000, guid: e86ec99419620d140b64097210a52bd5, type: 3}
      propertyPath: m_LocalEulerAnglesHint.y
      value: -73.464005
      objectReference: {fileID: 0}
    - target: {fileID: 400000, guid: e86ec99419620d140b64097210a52bd5, type: 3}
      propertyPath: m_LocalEulerAnglesHint.z
      value: 0
      objectReference: {fileID: 0}
    m_RemovedComponents: []
  m_SourcePrefab: {fileID: 100100000, guid: e86ec99419620d140b64097210a52bd5, type: 3}
--- !u!4 &6744832166023418912 stripped
Transform:
  m_CorrespondingSourceObject: {fileID: 400000, guid: e86ec99419620d140b64097210a52bd5,
    type: 3}
  m_PrefabInstance: {fileID: 6744832166023286432}
  m_PrefabAsset: {fileID: 0}
