%YAML 1.1
%TAG !u! tag:unity3d.com,2011:
--- !u!1 &5079211160544602573
GameObject:
  m_ObjectHideFlags: 0
  m_CorrespondingSourceObject: {fileID: 0}
  m_PrefabInstance: {fileID: 0}
  m_PrefabAsset: {fileID: 0}
  serializedVersion: 6
  m_Component:
  - component: {fileID: 3671736698563332223}
  m_Layer: 0
  m_Name: Props
  m_TagString: Untagged
  m_Icon: {fileID: 0}
  m_NavMeshLayer: 0
  m_StaticEditorFlags: 0
  m_IsActive: 1
--- !u!4 &3671736698563332223
Transform:
  m_ObjectHideFlags: 0
  m_CorrespondingSourceObject: {fileID: 0}
  m_PrefabInstance: {fileID: 0}
  m_PrefabAsset: {fileID: 0}
  m_GameObject: {fileID: 5079211160544602573}
  m_LocalRotation: {x: -0, y: -0, z: -0, w: 1}
  m_LocalPosition: {x: 0, y: 0, z: 0}
  m_LocalScale: {x: 1, y: 1, z: 1}
  m_Children:
  - {fileID: 364173396985866006}
  - {fileID: 3918997339750062536}
  - {fileID: 8975216127067001033}
  - {fileID: 7097375071991625730}
  m_Father: {fileID: 4905753964413917200}
  m_RootOrder: 0
  m_LocalEulerAnglesHint: {x: 0, y: 0, z: 0}
--- !u!1 &6734543589760903061
GameObject:
  m_ObjectHideFlags: 0
  m_CorrespondingSourceObject: {fileID: 0}
  m_PrefabInstance: {fileID: 0}
  m_PrefabAsset: {fileID: 0}
  serializedVersion: 6
  m_Component:
  - component: {fileID: 4905753964413917200}
  m_Layer: 0
  m_Name: CrateOnion02
  m_TagString: Untagged
  m_Icon: {fileID: 0}
  m_NavMeshLayer: 0
  m_StaticEditorFlags: 0
  m_IsActive: 1
--- !u!4 &4905753964413917200
Transform:
  m_ObjectHideFlags: 0
  m_CorrespondingSourceObject: {fileID: 0}
  m_PrefabInstance: {fileID: 0}
  m_PrefabAsset: {fileID: 0}
  m_GameObject: {fileID: 6734543589760903061}
  m_LocalRotation: {x: 0, y: 0, z: 0, w: 1}
  m_LocalPosition: {x: 0, y: 0, z: 0}
  m_LocalScale: {x: 1, y: 1, z: 1}
  m_Children:
  - {fileID: 3671736698563332223}
  - {fileID: 603552714322663014}
  m_Father: {fileID: 0}
  m_RootOrder: 0
  m_LocalEulerAnglesHint: {x: 0, y: 0, z: 0}
--- !u!1001 &364173396985740694
PrefabInstance:
  m_ObjectHideFlags: 0
  serializedVersion: 2
  m_Modification:
    m_TransformParent: {fileID: 3671736698563332223}
    m_Modifications:
    - target: {fileID: 100000, guid: 318805f6979f5784099c2204246d9d0c, type: 3}
      propertyPath: m_Name
      value: fi_vil_food_onion02
      objectReference: {fileID: 0}
    - target: {fileID: 400000, guid: 318805f6979f5784099c2204246d9d0c, type: 3}
      propertyPath: m_LocalPosition.x
      value: 0.2855
      objectReference: {fileID: 0}
    - target: {fileID: 400000, guid: 318805f6979f5784099c2204246d9d0c, type: 3}
      propertyPath: m_LocalPosition.y
      value: 0.006
      objectReference: {fileID: 0}
    - target: {fileID: 400000, guid: 318805f6979f5784099c2204246d9d0c, type: 3}
      propertyPath: m_LocalPosition.z
      value: 0.0644
      objectReference: {fileID: 0}
    - target: {fileID: 400000, guid: 318805f6979f5784099c2204246d9d0c, type: 3}
      propertyPath: m_LocalRotation.x
      value: -0
      objectReference: {fileID: 0}
    - target: {fileID: 400000, guid: 318805f6979f5784099c2204246d9d0c, type: 3}
      propertyPath: m_LocalRotation.y
      value: 0.151871
      objectReference: {fileID: 0}
    - target: {fileID: 400000, guid: 318805f6979f5784099c2204246d9d0c, type: 3}
      propertyPath: m_LocalRotation.z
      value: -0
      objectReference: {fileID: 0}
    - target: {fileID: 400000, guid: 318805f6979f5784099c2204246d9d0c, type: 3}
      propertyPath: m_LocalRotation.w
      value: 0.9884004
      objectReference: {fileID: 0}
    - target: {fileID: 400000, guid: 318805f6979f5784099c2204246d9d0c, type: 3}
      propertyPath: m_RootOrder
      value: 0
      objectReference: {fileID: 0}
    - target: {fileID: 400000, guid: 318805f6979f5784099c2204246d9d0c, type: 3}
      propertyPath: m_LocalEulerAnglesHint.x
      value: 0
      objectReference: {fileID: 0}
    - target: {fileID: 400000, guid: 318805f6979f5784099c2204246d9d0c, type: 3}
      propertyPath: m_LocalEulerAnglesHint.y
      value: 17.471
      objectReference: {fileID: 0}
    - target: {fileID: 400000, guid: 318805f6979f5784099c2204246d9d0c, type: 3}
      propertyPath: m_LocalEulerAnglesHint.z
      value: 0
      objectReference: {fileID: 0}
    m_RemovedComponents: []
  m_SourcePrefab: {fileID: 100100000, guid: 318805f6979f5784099c2204246d9d0c, type: 3}
--- !u!4 &364173396985866006 stripped
Transform:
  m_CorrespondingSourceObject: {fileID: 400000, guid: 318805f6979f5784099c2204246d9d0c,
    type: 3}
  m_PrefabInstance: {fileID: 364173396985740694}
  m_PrefabAsset: {fileID: 0}
--- !u!1001 &603552714322484522
PrefabInstance:
  m_ObjectHideFlags: 0
  serializedVersion: 2
  m_Modification:
    m_TransformParent: {fileID: 4905753964413917200}
    m_Modifications:
    - target: {fileID: 192120, guid: 7afe261ea12dc1c41b45d284d25049fd, type: 3}
      propertyPath: m_Name
      value: fe_vil_crate_08c
      objectReference: {fileID: 0}
    - target: {fileID: 445260, guid: 7afe261ea12dc1c41b45d284d25049fd, type: 3}
      propertyPath: m_LocalPosition.x
      value: 0
      objectReference: {fileID: 0}
    - target: {fileID: 445260, guid: 7afe261ea12dc1c41b45d284d25049fd, type: 3}
      propertyPath: m_LocalPosition.y
      value: 0
      objectReference: {fileID: 0}
    - target: {fileID: 445260, guid: 7afe261ea12dc1c41b45d284d25049fd, type: 3}
      propertyPath: m_LocalPosition.z
      value: 0
      objectReference: {fileID: 0}
    - target: {fileID: 445260, guid: 7afe261ea12dc1c41b45d284d25049fd, type: 3}
      propertyPath: m_LocalRotation.x
      value: -0
      objectReference: {fileID: 0}
    - target: {fileID: 445260, guid: 7afe261ea12dc1c41b45d284d25049fd, type: 3}
      propertyPath: m_LocalRotation.y
      value: -0
      objectReference: {fileID: 0}
    - target: {fileID: 445260, guid: 7afe261ea12dc1c41b45d284d25049fd, type: 3}
      propertyPath: m_LocalRotation.z
      value: -0
      objectReference: {fileID: 0}
    - target: {fileID: 445260, guid: 7afe261ea12dc1c41b45d284d25049fd, type: 3}
      propertyPath: m_LocalRotation.w
      value: 1
      objectReference: {fileID: 0}
    - target: {fileID: 445260, guid: 7afe261ea12dc1c41b45d284d25049fd, type: 3}
      propertyPath: m_RootOrder
      value: 1
      objectReference: {fileID: 0}
    - target: {fileID: 445260, guid: 7afe261ea12dc1c41b45d284d25049fd, type: 3}
      propertyPath: m_LocalEulerAnglesHint.x
      value: 0
      objectReference: {fileID: 0}
    - target: {fileID: 445260, guid: 7afe261ea12dc1c41b45d284d25049fd, type: 3}
      propertyPath: m_LocalEulerAnglesHint.y
      value: 0
      objectReference: {fileID: 0}
    - target: {fileID: 445260, guid: 7afe261ea12dc1c41b45d284d25049fd, type: 3}
      propertyPath: m_LocalEulerAnglesHint.z
      value: 0
      objectReference: {fileID: 0}
    m_RemovedComponents: []
  m_SourcePrefab: {fileID: 100100000, guid: 7afe261ea12dc1c41b45d284d25049fd, type: 3}
--- !u!4 &603552714322663014 stripped
Transform:
  m_CorrespondingSourceObject: {fileID: 445260, guid: 7afe261ea12dc1c41b45d284d25049fd,
    type: 3}
  m_PrefabInstance: {fileID: 603552714322484522}
  m_PrefabAsset: {fileID: 0}
--- !u!1001 &3918997339750449992
PrefabInstance:
  m_ObjectHideFlags: 0
  serializedVersion: 2
  m_Modification:
    m_TransformParent: {fileID: 3671736698563332223}
    m_Modifications:
    - target: {fileID: 100000, guid: 318805f6979f5784099c2204246d9d0c, type: 3}
      propertyPath: m_Name
      value: fi_vil_food_onion02
      objectReference: {fileID: 0}
    - target: {fileID: 400000, guid: 318805f6979f5784099c2204246d9d0c, type: 3}
      propertyPath: m_LocalPosition.x
      value: 0.1061
      objectReference: {fileID: 0}
    - target: {fileID: 400000, guid: 318805f6979f5784099c2204246d9d0c, type: 3}
      propertyPath: m_LocalPosition.y
      value: 0.052200004
      objectReference: {fileID: 0}
    - target: {fileID: 400000, guid: 318805f6979f5784099c2204246d9d0c, type: 3}
      propertyPath: m_LocalPosition.z
      value: -0.1524
      objectReference: {fileID: 0}
    - target: {fileID: 400000, guid: 318805f6979f5784099c2204246d9d0c, type: 3}
      propertyPath: m_LocalRotation.x
      value: -0
      objectReference: {fileID: 0}
    - target: {fileID: 400000, guid: 318805f6979f5784099c2204246d9d0c, type: 3}
      propertyPath: m_LocalRotation.y
      value: -0.16480377
      objectReference: {fileID: 0}
    - target: {fileID: 400000, guid: 318805f6979f5784099c2204246d9d0c, type: 3}
      propertyPath: m_LocalRotation.z
      value: -0
      objectReference: {fileID: 0}
    - target: {fileID: 400000, guid: 318805f6979f5784099c2204246d9d0c, type: 3}
      propertyPath: m_LocalRotation.w
      value: 0.9863264
      objectReference: {fileID: 0}
    - target: {fileID: 400000, guid: 318805f6979f5784099c2204246d9d0c, type: 3}
      propertyPath: m_RootOrder
      value: 1
      objectReference: {fileID: 0}
    - target: {fileID: 400000, guid: 318805f6979f5784099c2204246d9d0c, type: 3}
      propertyPath: m_LocalEulerAnglesHint.x
      value: 0
      objectReference: {fileID: 0}
    - target: {fileID: 400000, guid: 318805f6979f5784099c2204246d9d0c, type: 3}
      propertyPath: m_LocalEulerAnglesHint.y
      value: -18.972
      objectReference: {fileID: 0}
    - target: {fileID: 400000, guid: 318805f6979f5784099c2204246d9d0c, type: 3}
      propertyPath: m_LocalEulerAnglesHint.z
      value: 0
      objectReference: {fileID: 0}
    - target: {fileID: 400000, guid: 318805f6979f5784099c2204246d9d0c, type: 3}
      propertyPath: m_LocalScale.x
      value: 0.74184674
      objectReference: {fileID: 0}
    - target: {fileID: 400000, guid: 318805f6979f5784099c2204246d9d0c, type: 3}
      propertyPath: m_LocalScale.y
      value: 0.7418466
      objectReference: {fileID: 0}
    - target: {fileID: 400000, guid: 318805f6979f5784099c2204246d9d0c, type: 3}
      propertyPath: m_LocalScale.z
      value: 0.74184674
      objectReference: {fileID: 0}
    m_RemovedComponents: []
  m_SourcePrefab: {fileID: 100100000, guid: 318805f6979f5784099c2204246d9d0c, type: 3}
--- !u!4 &3918997339750062536 stripped
Transform:
  m_CorrespondingSourceObject: {fileID: 400000, guid: 318805f6979f5784099c2204246d9d0c,
    type: 3}
  m_PrefabInstance: {fileID: 3918997339750449992}
  m_PrefabAsset: {fileID: 0}
--- !u!1001 &7097375071991489154
PrefabInstance:
  m_ObjectHideFlags: 0
  serializedVersion: 2
  m_Modification:
    m_TransformParent: {fileID: 3671736698563332223}
    m_Modifications:
    - target: {fileID: 100000, guid: 318805f6979f5784099c2204246d9d0c, type: 3}
      propertyPath: m_Name
      value: fi_vil_food_onion02
      objectReference: {fileID: 0}
    - target: {fileID: 400000, guid: 318805f6979f5784099c2204246d9d0c, type: 3}
      propertyPath: m_LocalPosition.x
      value: -0.2784
      objectReference: {fileID: 0}
    - target: {fileID: 400000, guid: 318805f6979f5784099c2204246d9d0c, type: 3}
      propertyPath: m_LocalPosition.y
      value: 0.065512
      objectReference: {fileID: 0}
    - target: {fileID: 400000, guid: 318805f6979f5784099c2204246d9d0c, type: 3}
      propertyPath: m_LocalPosition.z
      value: -0.1496
      objectReference: {fileID: 0}
    - target: {fileID: 400000, guid: 318805f6979f5784099c2204246d9d0c, type: 3}
      propertyPath: m_LocalRotation.x
      value: -0
      objectReference: {fileID: 0}
    - target: {fileID: 400000, guid: 318805f6979f5784099c2204246d9d0c, type: 3}
      propertyPath: m_LocalRotation.y
      value: -0.034810983
      objectReference: {fileID: 0}
    - target: {fileID: 400000, guid: 318805f6979f5784099c2204246d9d0c, type: 3}
      propertyPath: m_LocalRotation.z
      value: -0
      objectReference: {fileID: 0}
    - target: {fileID: 400000, guid: 318805f6979f5784099c2204246d9d0c, type: 3}
      propertyPath: m_LocalRotation.w
      value: 0.99939394
      objectReference: {fileID: 0}
    - target: {fileID: 400000, guid: 318805f6979f5784099c2204246d9d0c, type: 3}
      propertyPath: m_RootOrder
      value: 3
      objectReference: {fileID: 0}
    - target: {fileID: 400000, guid: 318805f6979f5784099c2204246d9d0c, type: 3}
      propertyPath: m_LocalEulerAnglesHint.x
      value: 0
      objectReference: {fileID: 0}
    - target: {fileID: 400000, guid: 318805f6979f5784099c2204246d9d0c, type: 3}
      propertyPath: m_LocalEulerAnglesHint.y
      value: -3.9900002
      objectReference: {fileID: 0}
    - target: {fileID: 400000, guid: 318805f6979f5784099c2204246d9d0c, type: 3}
      propertyPath: m_LocalEulerAnglesHint.z
      value: 0
      objectReference: {fileID: 0}
    - target: {fileID: 400000, guid: 318805f6979f5784099c2204246d9d0c, type: 3}
      propertyPath: m_LocalScale.x
      value: 0.6769202
      objectReference: {fileID: 0}
    - target: {fileID: 400000, guid: 318805f6979f5784099c2204246d9d0c, type: 3}
      propertyPath: m_LocalScale.y
      value: 0.6769202
      objectReference: {fileID: 0}
    - target: {fileID: 400000, guid: 318805f6979f5784099c2204246d9d0c, type: 3}
      propertyPath: m_LocalScale.z
      value: 0.6769202
      objectReference: {fileID: 0}
    m_RemovedComponents: []
  m_SourcePrefab: {fileID: 100100000, guid: 318805f6979f5784099c2204246d9d0c, type: 3}
--- !u!4 &7097375071991625730 stripped
Transform:
  m_CorrespondingSourceObject: {fileID: 400000, guid: 318805f6979f5784099c2204246d9d0c,
    type: 3}
  m_PrefabInstance: {fileID: 7097375071991489154}
  m_PrefabAsset: {fileID: 0}
--- !u!1001 &8975216127066606153
PrefabInstance:
  m_ObjectHideFlags: 0
  serializedVersion: 2
  m_Modification:
    m_TransformParent: {fileID: 3671736698563332223}
    m_Modifications:
    - target: {fileID: 100000, guid: 318805f6979f5784099c2204246d9d0c, type: 3}
      propertyPath: m_Name
      value: fi_vil_food_onion02
      objectReference: {fileID: 0}
    - target: {fileID: 400000, guid: 318805f6979f5784099c2204246d9d0c, type: 3}
      propertyPath: m_LocalPosition.x
      value: -0.13813084
      objectReference: {fileID: 0}
    - target: {fileID: 400000, guid: 318805f6979f5784099c2204246d9d0c, type: 3}
      propertyPath: m_LocalPosition.y
      value: 0.020807788
      objectReference: {fileID: 0}
    - target: {fileID: 400000, guid: 318805f6979f5784099c2204246d9d0c, type: 3}
      propertyPath: m_LocalPosition.z
      value: 0.07220969
      objectReference: {fileID: 0}
    - target: {fileID: 400000, guid: 318805f6979f5784099c2204246d9d0c, type: 3}
      propertyPath: m_LocalRotation.x
      value: -0.005237722
      objectReference: {fileID: 0}
    - target: {fileID: 400000, guid: 318805f6979f5784099c2204246d9d0c, type: 3}
      propertyPath: m_LocalRotation.y
      value: 0.061451778
      objectReference: {fileID: 0}
    - target: {fileID: 400000, guid: 318805f6979f5784099c2204246d9d0c, type: 3}
      propertyPath: m_LocalRotation.z
      value: 0.00025187308
      objectReference: {fileID: 0}
    - target: {fileID: 400000, guid: 318805f6979f5784099c2204246d9d0c, type: 3}
      propertyPath: m_LocalRotation.w
      value: 0.9980963
      objectReference: {fileID: 0}
    - target: {fileID: 400000, guid: 318805f6979f5784099c2204246d9d0c, type: 3}
      propertyPath: m_RootOrder
      value: 2
      objectReference: {fileID: 0}
    - target: {fileID: 400000, guid: 318805f6979f5784099c2204246d9d0c, type: 3}
      propertyPath: m_LocalEulerAnglesHint.x
      value: -0.601
      objectReference: {fileID: 0}
    - target: {fileID: 400000, guid: 318805f6979f5784099c2204246d9d0c, type: 3}
      propertyPath: m_LocalEulerAnglesHint.y
      value: 7.0460005
      objectReference: {fileID: 0}
    - target: {fileID: 400000, guid: 318805f6979f5784099c2204246d9d0c, type: 3}
      propertyPath: m_LocalEulerAnglesHint.z
      value: -0.008
      objectReference: {fileID: 0}
    m_RemovedComponents: []
  m_SourcePrefab: {fileID: 100100000, guid: 318805f6979f5784099c2204246d9d0c, type: 3}
--- !u!4 &8975216127067001033 stripped
Transform:
  m_CorrespondingSourceObject: {fileID: 400000, guid: 318805f6979f5784099c2204246d9d0c,
    type: 3}
  m_PrefabInstance: {fileID: 8975216127066606153}
  m_PrefabAsset: {fileID: 0}
