%YAML 1.1
%TAG !u! tag:unity3d.com,2011:
--- !u!1 &4209102041780081699
GameObject:
  m_ObjectHideFlags: 0
  m_CorrespondingSourceObject: {fileID: 0}
  m_PrefabInstance: {fileID: 0}
  m_PrefabAsset: {fileID: 0}
  serializedVersion: 6
  m_Component:
  - component: {fileID: 4955521211156081028}
  m_Layer: 0
  m_Name: CrateOnionSet02
  m_TagString: Untagged
  m_Icon: {fileID: 0}
  m_NavMeshLayer: 0
  m_StaticEditorFlags: 0
  m_IsActive: 1
--- !u!4 &4955521211156081028
Transform:
  m_ObjectHideFlags: 0
  m_CorrespondingSourceObject: {fileID: 0}
  m_PrefabInstance: {fileID: 0}
  m_PrefabAsset: {fileID: 0}
  m_GameObject: {fileID: 4209102041780081699}
  m_LocalRotation: {x: -0, y: -0, z: -0, w: 1}
  m_LocalPosition: {x: 0, y: 0, z: 0}
  m_LocalScale: {x: 1, y: 1, z: 1}
  m_Children:
  - {fileID: 5386516288860647368}
  - {fileID: 1589485999999714888}
  - {fileID: 1590295846057557622}
  - {fileID: 2481736147863235624}
  - {fileID: 2955350941102499143}
  - {fileID: 8249291744221363315}
  - {fileID: 5436098213760327016}
  - {fileID: 4322621041922226717}
  m_Father: {fileID: 0}
  m_RootOrder: 0
  m_LocalEulerAnglesHint: {x: 0, y: 0, z: 0}
--- !u!1001 &815642048469897968
PrefabInstance:
  m_ObjectHideFlags: 0
  serializedVersion: 2
  m_Modification:
    m_TransformParent: {fileID: 4955521211156081028}
    m_Modifications:
    - target: {fileID: 2107794277514980486, guid: 2281021fb5364914ba3fc3aaf9ea0784,
        type: 3}
      propertyPath: m_LocalPosition.x
      value: -0.32092595
      objectReference: {fileID: 0}
    - target: {fileID: 2107794277514980486, guid: 2281021fb5364914ba3fc3aaf9ea0784,
        type: 3}
      propertyPath: m_LocalPosition.y
      value: 0
      objectReference: {fileID: 0}
    - target: {fileID: 2107794277514980486, guid: 2281021fb5364914ba3fc3aaf9ea0784,
        type: 3}
      propertyPath: m_LocalPosition.z
      value: -0.3966205
      objectReference: {fileID: 0}
    - target: {fileID: 2107794277514980486, guid: 2281021fb5364914ba3fc3aaf9ea0784,
        type: 3}
      propertyPath: m_LocalRotation.x
      value: -0
      objectReference: {fileID: 0}
    - target: {fileID: 2107794277514980486, guid: 2281021fb5364914ba3fc3aaf9ea0784,
        type: 3}
      propertyPath: m_LocalRotation.y
      value: 0.4573709
      objectReference: {fileID: 0}
    - target: {fileID: 2107794277514980486, guid: 2281021fb5364914ba3fc3aaf9ea0784,
        type: 3}
      propertyPath: m_LocalRotation.z
      value: -0
      objectReference: {fileID: 0}
    - target: {fileID: 2107794277514980486, guid: 2281021fb5364914ba3fc3aaf9ea0784,
        type: 3}
      propertyPath: m_LocalRotation.w
      value: 0.8892761
      objectReference: {fileID: 0}
    - target: {fileID: 2107794277514980486, guid: 2281021fb5364914ba3fc3aaf9ea0784,
        type: 3}
      propertyPath: m_RootOrder
      value: 2
      objectReference: {fileID: 0}
    - target: {fileID: 2107794277514980486, guid: 2281021fb5364914ba3fc3aaf9ea0784,
        type: 3}
      propertyPath: m_LocalEulerAnglesHint.x
      value: 0
      objectReference: {fileID: 0}
    - target: {fileID: 2107794277514980486, guid: 2281021fb5364914ba3fc3aaf9ea0784,
        type: 3}
      propertyPath: m_LocalEulerAnglesHint.y
      value: 54.435
      objectReference: {fileID: 0}
    - target: {fileID: 2107794277514980486, guid: 2281021fb5364914ba3fc3aaf9ea0784,
        type: 3}
      propertyPath: m_LocalEulerAnglesHint.z
      value: 0
      objectReference: {fileID: 0}
    - target: {fileID: 3889110110182459332, guid: 2281021fb5364914ba3fc3aaf9ea0784,
        type: 3}
      propertyPath: m_Name
      value: CrateOnion03
      objectReference: {fileID: 0}
    m_RemovedComponents: []
  m_SourcePrefab: {fileID: 100100000, guid: 2281021fb5364914ba3fc3aaf9ea0784, type: 3}
--- !u!4 &1590295846057557622 stripped
Transform:
  m_CorrespondingSourceObject: {fileID: 2107794277514980486, guid: 2281021fb5364914ba3fc3aaf9ea0784,
    type: 3}
  m_PrefabInstance: {fileID: 815642048469897968}
  m_PrefabAsset: {fileID: 0}
--- !u!1001 &2481736147863369384
PrefabInstance:
  m_ObjectHideFlags: 0
  serializedVersion: 2
  m_Modification:
    m_TransformParent: {fileID: 4955521211156081028}
    m_Modifications:
    - target: {fileID: 100000, guid: 318805f6979f5784099c2204246d9d0c, type: 3}
      propertyPath: m_Name
      value: fi_vil_food_onion02
      objectReference: {fileID: 0}
    - target: {fileID: 400000, guid: 318805f6979f5784099c2204246d9d0c, type: 3}
      propertyPath: m_LocalPosition.x
      value: 0.509
      objectReference: {fileID: 0}
    - target: {fileID: 400000, guid: 318805f6979f5784099c2204246d9d0c, type: 3}
      propertyPath: m_LocalPosition.y
      value: 0
      objectReference: {fileID: 0}
    - target: {fileID: 400000, guid: 318805f6979f5784099c2204246d9d0c, type: 3}
      propertyPath: m_LocalPosition.z
      value: 0.475
      objectReference: {fileID: 0}
    - target: {fileID: 400000, guid: 318805f6979f5784099c2204246d9d0c, type: 3}
      propertyPath: m_LocalRotation.x
      value: -0
      objectReference: {fileID: 0}
    - target: {fileID: 400000, guid: 318805f6979f5784099c2204246d9d0c, type: 3}
      propertyPath: m_LocalRotation.y
      value: 0.38708213
      objectReference: {fileID: 0}
    - target: {fileID: 400000, guid: 318805f6979f5784099c2204246d9d0c, type: 3}
      propertyPath: m_LocalRotation.z
      value: -0
      objectReference: {fileID: 0}
    - target: {fileID: 400000, guid: 318805f6979f5784099c2204246d9d0c, type: 3}
      propertyPath: m_LocalRotation.w
      value: 0.92204523
      objectReference: {fileID: 0}
    - target: {fileID: 400000, guid: 318805f6979f5784099c2204246d9d0c, type: 3}
      propertyPath: m_RootOrder
      value: 3
      objectReference: {fileID: 0}
    - target: {fileID: 400000, guid: 318805f6979f5784099c2204246d9d0c, type: 3}
      propertyPath: m_LocalEulerAnglesHint.x
      value: 0
      objectReference: {fileID: 0}
    - target: {fileID: 400000, guid: 318805f6979f5784099c2204246d9d0c, type: 3}
      propertyPath: m_LocalEulerAnglesHint.y
      value: 45.546
      objectReference: {fileID: 0}
    - target: {fileID: 400000, guid: 318805f6979f5784099c2204246d9d0c, type: 3}
      propertyPath: m_LocalEulerAnglesHint.z
      value: 0
      objectReference: {fileID: 0}
    - target: {fileID: 400000, guid: 318805f6979f5784099c2204246d9d0c, type: 3}
      propertyPath: m_LocalScale.x
      value: 0.71366
      objectReference: {fileID: 0}
    - target: {fileID: 400000, guid: 318805f6979f5784099c2204246d9d0c, type: 3}
      propertyPath: m_LocalScale.y
      value: 0.71366
      objectReference: {fileID: 0}
    - target: {fileID: 400000, guid: 318805f6979f5784099c2204246d9d0c, type: 3}
      propertyPath: m_LocalScale.z
      value: 0.71366
      objectReference: {fileID: 0}
    m_RemovedComponents: []
  m_SourcePrefab: {fileID: 100100000, guid: 318805f6979f5784099c2204246d9d0c, type: 3}
--- !u!4 &2481736147863235624 stripped
Transform:
  m_CorrespondingSourceObject: {fileID: 400000, guid: 318805f6979f5784099c2204246d9d0c,
    type: 3}
  m_PrefabInstance: {fileID: 2481736147863369384}
  m_PrefabAsset: {fileID: 0}
--- !u!1001 &2955350941102112711
PrefabInstance:
  m_ObjectHideFlags: 0
  serializedVersion: 2
  m_Modification:
    m_TransformParent: {fileID: 4955521211156081028}
    m_Modifications:
    - target: {fileID: 100000, guid: 318805f6979f5784099c2204246d9d0c, type: 3}
      propertyPath: m_Name
      value: fi_vil_food_onion02
      objectReference: {fileID: 0}
    - target: {fileID: 400000, guid: 318805f6979f5784099c2204246d9d0c, type: 3}
      propertyPath: m_LocalPosition.x
      value: 0.347
      objectReference: {fileID: 0}
    - target: {fileID: 400000, guid: 318805f6979f5784099c2204246d9d0c, type: 3}
      propertyPath: m_LocalPosition.y
      value: 0
      objectReference: {fileID: 0}
    - target: {fileID: 400000, guid: 318805f6979f5784099c2204246d9d0c, type: 3}
      propertyPath: m_LocalPosition.z
      value: -0.804
      objectReference: {fileID: 0}
    - target: {fileID: 400000, guid: 318805f6979f5784099c2204246d9d0c, type: 3}
      propertyPath: m_LocalRotation.x
      value: -0
      objectReference: {fileID: 0}
    - target: {fileID: 400000, guid: 318805f6979f5784099c2204246d9d0c, type: 3}
      propertyPath: m_LocalRotation.y
      value: 0.38708213
      objectReference: {fileID: 0}
    - target: {fileID: 400000, guid: 318805f6979f5784099c2204246d9d0c, type: 3}
      propertyPath: m_LocalRotation.z
      value: -0
      objectReference: {fileID: 0}
    - target: {fileID: 400000, guid: 318805f6979f5784099c2204246d9d0c, type: 3}
      propertyPath: m_LocalRotation.w
      value: 0.92204523
      objectReference: {fileID: 0}
    - target: {fileID: 400000, guid: 318805f6979f5784099c2204246d9d0c, type: 3}
      propertyPath: m_RootOrder
      value: 4
      objectReference: {fileID: 0}
    - target: {fileID: 400000, guid: 318805f6979f5784099c2204246d9d0c, type: 3}
      propertyPath: m_LocalEulerAnglesHint.x
      value: 0
      objectReference: {fileID: 0}
    - target: {fileID: 400000, guid: 318805f6979f5784099c2204246d9d0c, type: 3}
      propertyPath: m_LocalEulerAnglesHint.y
      value: 45.546
      objectReference: {fileID: 0}
    - target: {fileID: 400000, guid: 318805f6979f5784099c2204246d9d0c, type: 3}
      propertyPath: m_LocalEulerAnglesHint.z
      value: 0
      objectReference: {fileID: 0}
    - target: {fileID: 400000, guid: 318805f6979f5784099c2204246d9d0c, type: 3}
      propertyPath: m_LocalScale.x
      value: 0.71366
      objectReference: {fileID: 0}
    - target: {fileID: 400000, guid: 318805f6979f5784099c2204246d9d0c, type: 3}
      propertyPath: m_LocalScale.y
      value: 0.71366
      objectReference: {fileID: 0}
    - target: {fileID: 400000, guid: 318805f6979f5784099c2204246d9d0c, type: 3}
      propertyPath: m_LocalScale.z
      value: 0.71366
      objectReference: {fileID: 0}
    m_RemovedComponents: []
  m_SourcePrefab: {fileID: 100100000, guid: 318805f6979f5784099c2204246d9d0c, type: 3}
--- !u!4 &2955350941102499143 stripped
Transform:
  m_CorrespondingSourceObject: {fileID: 400000, guid: 318805f6979f5784099c2204246d9d0c,
    type: 3}
  m_PrefabInstance: {fileID: 2955350941102112711}
  m_PrefabAsset: {fileID: 0}
--- !u!1001 &4322621041921826973
PrefabInstance:
  m_ObjectHideFlags: 0
  serializedVersion: 2
  m_Modification:
    m_TransformParent: {fileID: 4955521211156081028}
    m_Modifications:
    - target: {fileID: 100000, guid: 318805f6979f5784099c2204246d9d0c, type: 3}
      propertyPath: m_Name
      value: fi_vil_food_onion02
      objectReference: {fileID: 0}
    - target: {fileID: 400000, guid: 318805f6979f5784099c2204246d9d0c, type: 3}
      propertyPath: m_LocalPosition.x
      value: 0.7744228
      objectReference: {fileID: 0}
    - target: {fileID: 400000, guid: 318805f6979f5784099c2204246d9d0c, type: 3}
      propertyPath: m_LocalPosition.y
      value: 0
      objectReference: {fileID: 0}
    - target: {fileID: 400000, guid: 318805f6979f5784099c2204246d9d0c, type: 3}
      propertyPath: m_LocalPosition.z
      value: 0.17116418
      objectReference: {fileID: 0}
    - target: {fileID: 400000, guid: 318805f6979f5784099c2204246d9d0c, type: 3}
      propertyPath: m_LocalRotation.x
      value: -0
      objectReference: {fileID: 0}
    - target: {fileID: 400000, guid: 318805f6979f5784099c2204246d9d0c, type: 3}
      propertyPath: m_LocalRotation.y
      value: 0.20729454
      objectReference: {fileID: 0}
    - target: {fileID: 400000, guid: 318805f6979f5784099c2204246d9d0c, type: 3}
      propertyPath: m_LocalRotation.z
      value: -0
      objectReference: {fileID: 0}
    - target: {fileID: 400000, guid: 318805f6979f5784099c2204246d9d0c, type: 3}
      propertyPath: m_LocalRotation.w
      value: 0.9782786
      objectReference: {fileID: 0}
    - target: {fileID: 400000, guid: 318805f6979f5784099c2204246d9d0c, type: 3}
      propertyPath: m_RootOrder
      value: 7
      objectReference: {fileID: 0}
    - target: {fileID: 400000, guid: 318805f6979f5784099c2204246d9d0c, type: 3}
      propertyPath: m_LocalEulerAnglesHint.x
      value: 0
      objectReference: {fileID: 0}
    - target: {fileID: 400000, guid: 318805f6979f5784099c2204246d9d0c, type: 3}
      propertyPath: m_LocalEulerAnglesHint.y
      value: 23.928001
      objectReference: {fileID: 0}
    - target: {fileID: 400000, guid: 318805f6979f5784099c2204246d9d0c, type: 3}
      propertyPath: m_LocalEulerAnglesHint.z
      value: 0
      objectReference: {fileID: 0}
    m_RemovedComponents: []
  m_SourcePrefab: {fileID: 100100000, guid: 318805f6979f5784099c2204246d9d0c, type: 3}
--- !u!4 &4322621041922226717 stripped
Transform:
  m_CorrespondingSourceObject: {fileID: 400000, guid: 318805f6979f5784099c2204246d9d0c,
    type: 3}
  m_PrefabInstance: {fileID: 4322621041921826973}
  m_PrefabAsset: {fileID: 0}
--- !u!1001 &5436098213760714728
PrefabInstance:
  m_ObjectHideFlags: 0
  serializedVersion: 2
  m_Modification:
    m_TransformParent: {fileID: 4955521211156081028}
    m_Modifications:
    - target: {fileID: 100000, guid: 318805f6979f5784099c2204246d9d0c, type: 3}
      propertyPath: m_Name
      value: fi_vil_food_onion02
      objectReference: {fileID: 0}
    - target: {fileID: 400000, guid: 318805f6979f5784099c2204246d9d0c, type: 3}
      propertyPath: m_LocalPosition.x
      value: -0.72
      objectReference: {fileID: 0}
    - target: {fileID: 400000, guid: 318805f6979f5784099c2204246d9d0c, type: 3}
      propertyPath: m_LocalPosition.y
      value: 0
      objectReference: {fileID: 0}
    - target: {fileID: 400000, guid: 318805f6979f5784099c2204246d9d0c, type: 3}
      propertyPath: m_LocalPosition.z
      value: 0.137
      objectReference: {fileID: 0}
    - target: {fileID: 400000, guid: 318805f6979f5784099c2204246d9d0c, type: 3}
      propertyPath: m_LocalRotation.x
      value: -0
      objectReference: {fileID: 0}
    - target: {fileID: 400000, guid: 318805f6979f5784099c2204246d9d0c, type: 3}
      propertyPath: m_LocalRotation.y
      value: 0.5128702
      objectReference: {fileID: 0}
    - target: {fileID: 400000, guid: 318805f6979f5784099c2204246d9d0c, type: 3}
      propertyPath: m_LocalRotation.z
      value: -0
      objectReference: {fileID: 0}
    - target: {fileID: 400000, guid: 318805f6979f5784099c2204246d9d0c, type: 3}
      propertyPath: m_LocalRotation.w
      value: 0.8584662
      objectReference: {fileID: 0}
    - target: {fileID: 400000, guid: 318805f6979f5784099c2204246d9d0c, type: 3}
      propertyPath: m_RootOrder
      value: 6
      objectReference: {fileID: 0}
    - target: {fileID: 400000, guid: 318805f6979f5784099c2204246d9d0c, type: 3}
      propertyPath: m_LocalEulerAnglesHint.x
      value: 0
      objectReference: {fileID: 0}
    - target: {fileID: 400000, guid: 318805f6979f5784099c2204246d9d0c, type: 3}
      propertyPath: m_LocalEulerAnglesHint.y
      value: 61.710003
      objectReference: {fileID: 0}
    - target: {fileID: 400000, guid: 318805f6979f5784099c2204246d9d0c, type: 3}
      propertyPath: m_LocalEulerAnglesHint.z
      value: 0
      objectReference: {fileID: 0}
    - target: {fileID: 400000, guid: 318805f6979f5784099c2204246d9d0c, type: 3}
      propertyPath: m_LocalScale.x
      value: 0.71365994
      objectReference: {fileID: 0}
    - target: {fileID: 400000, guid: 318805f6979f5784099c2204246d9d0c, type: 3}
      propertyPath: m_LocalScale.y
      value: 0.71366
      objectReference: {fileID: 0}
    - target: {fileID: 400000, guid: 318805f6979f5784099c2204246d9d0c, type: 3}
      propertyPath: m_LocalScale.z
      value: 0.71365994
      objectReference: {fileID: 0}
    m_RemovedComponents: []
  m_SourcePrefab: {fileID: 100100000, guid: 318805f6979f5784099c2204246d9d0c, type: 3}
--- !u!4 &5436098213760327016 stripped
Transform:
  m_CorrespondingSourceObject: {fileID: 400000, guid: 318805f6979f5784099c2204246d9d0c,
    type: 3}
  m_PrefabInstance: {fileID: 5436098213760714728}
  m_PrefabAsset: {fileID: 0}
--- !u!1001 &5916111589524348504
PrefabInstance:
  m_ObjectHideFlags: 0
  serializedVersion: 2
  m_Modification:
    m_TransformParent: {fileID: 4955521211156081028}
    m_Modifications:
    - target: {fileID: 4905753964413917200, guid: 8c003a6b361c40e4ebcf7cce5c99b0b0,
        type: 3}
      propertyPath: m_LocalPosition.x
      value: 0.029
      objectReference: {fileID: 0}
    - target: {fileID: 4905753964413917200, guid: 8c003a6b361c40e4ebcf7cce5c99b0b0,
        type: 3}
      propertyPath: m_LocalPosition.y
      value: 0
      objectReference: {fileID: 0}
    - target: {fileID: 4905753964413917200, guid: 8c003a6b361c40e4ebcf7cce5c99b0b0,
        type: 3}
      propertyPath: m_LocalPosition.z
      value: 0.506
      objectReference: {fileID: 0}
    - target: {fileID: 4905753964413917200, guid: 8c003a6b361c40e4ebcf7cce5c99b0b0,
        type: 3}
      propertyPath: m_LocalRotation.x
      value: -0
      objectReference: {fileID: 0}
    - target: {fileID: 4905753964413917200, guid: 8c003a6b361c40e4ebcf7cce5c99b0b0,
        type: 3}
      propertyPath: m_LocalRotation.y
      value: -0.8398157
      objectReference: {fileID: 0}
    - target: {fileID: 4905753964413917200, guid: 8c003a6b361c40e4ebcf7cce5c99b0b0,
        type: 3}
      propertyPath: m_LocalRotation.z
      value: -0
      objectReference: {fileID: 0}
    - target: {fileID: 4905753964413917200, guid: 8c003a6b361c40e4ebcf7cce5c99b0b0,
        type: 3}
      propertyPath: m_LocalRotation.w
      value: 0.5428718
      objectReference: {fileID: 0}
    - target: {fileID: 4905753964413917200, guid: 8c003a6b361c40e4ebcf7cce5c99b0b0,
        type: 3}
      propertyPath: m_RootOrder
      value: 1
      objectReference: {fileID: 0}
    - target: {fileID: 4905753964413917200, guid: 8c003a6b361c40e4ebcf7cce5c99b0b0,
        type: 3}
      propertyPath: m_LocalEulerAnglesHint.x
      value: 0
      objectReference: {fileID: 0}
    - target: {fileID: 4905753964413917200, guid: 8c003a6b361c40e4ebcf7cce5c99b0b0,
        type: 3}
      propertyPath: m_LocalEulerAnglesHint.y
      value: -114.241005
      objectReference: {fileID: 0}
    - target: {fileID: 4905753964413917200, guid: 8c003a6b361c40e4ebcf7cce5c99b0b0,
        type: 3}
      propertyPath: m_LocalEulerAnglesHint.z
      value: 0
      objectReference: {fileID: 0}
    - target: {fileID: 6734543589760903061, guid: 8c003a6b361c40e4ebcf7cce5c99b0b0,
        type: 3}
      propertyPath: m_Name
      value: CrateOnion02
      objectReference: {fileID: 0}
    m_RemovedComponents: []
  m_SourcePrefab: {fileID: 100100000, guid: 8c003a6b361c40e4ebcf7cce5c99b0b0, type: 3}
--- !u!4 &1589485999999714888 stripped
Transform:
  m_CorrespondingSourceObject: {fileID: 4905753964413917200, guid: 8c003a6b361c40e4ebcf7cce5c99b0b0,
    type: 3}
  m_PrefabInstance: {fileID: 5916111589524348504}
  m_PrefabAsset: {fileID: 0}
--- !u!1001 &7275506823416149675
PrefabInstance:
  m_ObjectHideFlags: 0
  serializedVersion: 2
  m_Modification:
    m_TransformParent: {fileID: 4955521211156081028}
    m_Modifications:
    - target: {fileID: 2977020893469054864, guid: 93e48972aea5e1440bebdaad99645b9d,
        type: 3}
      propertyPath: m_Name
      value: CrateOnion01
      objectReference: {fileID: 0}
    - target: {fileID: 3330142466996345187, guid: 93e48972aea5e1440bebdaad99645b9d,
        type: 3}
      propertyPath: m_LocalPosition.x
      value: 0.565074
      objectReference: {fileID: 0}
    - target: {fileID: 3330142466996345187, guid: 93e48972aea5e1440bebdaad99645b9d,
        type: 3}
      propertyPath: m_LocalPosition.y
      value: 0
      objectReference: {fileID: 0}
    - target: {fileID: 3330142466996345187, guid: 93e48972aea5e1440bebdaad99645b9d,
        type: 3}
      propertyPath: m_LocalPosition.z
      value: -0.3076205
      objectReference: {fileID: 0}
    - target: {fileID: 3330142466996345187, guid: 93e48972aea5e1440bebdaad99645b9d,
        type: 3}
      propertyPath: m_LocalRotation.x
      value: -0
      objectReference: {fileID: 0}
    - target: {fileID: 3330142466996345187, guid: 93e48972aea5e1440bebdaad99645b9d,
        type: 3}
      propertyPath: m_LocalRotation.y
      value: 0.31258953
      objectReference: {fileID: 0}
    - target: {fileID: 3330142466996345187, guid: 93e48972aea5e1440bebdaad99645b9d,
        type: 3}
      propertyPath: m_LocalRotation.z
      value: -0
      objectReference: {fileID: 0}
    - target: {fileID: 3330142466996345187, guid: 93e48972aea5e1440bebdaad99645b9d,
        type: 3}
      propertyPath: m_LocalRotation.w
      value: 0.94988835
      objectReference: {fileID: 0}
    - target: {fileID: 3330142466996345187, guid: 93e48972aea5e1440bebdaad99645b9d,
        type: 3}
      propertyPath: m_RootOrder
      value: 0
      objectReference: {fileID: 0}
    - target: {fileID: 3330142466996345187, guid: 93e48972aea5e1440bebdaad99645b9d,
        type: 3}
      propertyPath: m_LocalEulerAnglesHint.x
      value: 0
      objectReference: {fileID: 0}
    - target: {fileID: 3330142466996345187, guid: 93e48972aea5e1440bebdaad99645b9d,
        type: 3}
      propertyPath: m_LocalEulerAnglesHint.y
      value: 36.431004
      objectReference: {fileID: 0}
    - target: {fileID: 3330142466996345187, guid: 93e48972aea5e1440bebdaad99645b9d,
        type: 3}
      propertyPath: m_LocalEulerAnglesHint.z
      value: 0
      objectReference: {fileID: 0}
    - target: {fileID: 7309861177829575640, guid: 93e48972aea5e1440bebdaad99645b9d,
        type: 3}
      propertyPath: m_LocalRotation.x
      value: 0
      objectReference: {fileID: 0}
    - target: {fileID: 7309861177829575640, guid: 93e48972aea5e1440bebdaad99645b9d,
        type: 3}
      propertyPath: m_LocalRotation.z
      value: 0
      objectReference: {fileID: 0}
    m_RemovedComponents: []
  m_SourcePrefab: {fileID: 100100000, guid: 93e48972aea5e1440bebdaad99645b9d, type: 3}
--- !u!4 &5386516288860647368 stripped
Transform:
  m_CorrespondingSourceObject: {fileID: 3330142466996345187, guid: 93e48972aea5e1440bebdaad99645b9d,
    type: 3}
  m_PrefabInstance: {fileID: 7275506823416149675}
  m_PrefabAsset: {fileID: 0}
--- !u!1001 &8249291744221751027
PrefabInstance:
  m_ObjectHideFlags: 0
  serializedVersion: 2
  m_Modification:
    m_TransformParent: {fileID: 4955521211156081028}
    m_Modifications:
    - target: {fileID: 100000, guid: 318805f6979f5784099c2204246d9d0c, type: 3}
      propertyPath: m_Name
      value: fi_vil_food_onion02
      objectReference: {fileID: 0}
    - target: {fileID: 400000, guid: 318805f6979f5784099c2204246d9d0c, type: 3}
      propertyPath: m_LocalPosition.x
      value: -0.428
      objectReference: {fileID: 0}
    - target: {fileID: 400000, guid: 318805f6979f5784099c2204246d9d0c, type: 3}
      propertyPath: m_LocalPosition.y
      value: 0
      objectReference: {fileID: 0}
    - target: {fileID: 400000, guid: 318805f6979f5784099c2204246d9d0c, type: 3}
      propertyPath: m_LocalPosition.z
      value: 0.36
      objectReference: {fileID: 0}
    - target: {fileID: 400000, guid: 318805f6979f5784099c2204246d9d0c, type: 3}
      propertyPath: m_LocalRotation.x
      value: -0
      objectReference: {fileID: 0}
    - target: {fileID: 400000, guid: 318805f6979f5784099c2204246d9d0c, type: 3}
      propertyPath: m_LocalRotation.y
      value: -0.124651864
      objectReference: {fileID: 0}
    - target: {fileID: 400000, guid: 318805f6979f5784099c2204246d9d0c, type: 3}
      propertyPath: m_LocalRotation.z
      value: -0
      objectReference: {fileID: 0}
    - target: {fileID: 400000, guid: 318805f6979f5784099c2204246d9d0c, type: 3}
      propertyPath: m_LocalRotation.w
      value: 0.99220055
      objectReference: {fileID: 0}
    - target: {fileID: 400000, guid: 318805f6979f5784099c2204246d9d0c, type: 3}
      propertyPath: m_RootOrder
      value: 5
      objectReference: {fileID: 0}
    - target: {fileID: 400000, guid: 318805f6979f5784099c2204246d9d0c, type: 3}
      propertyPath: m_LocalEulerAnglesHint.x
      value: 0
      objectReference: {fileID: 0}
    - target: {fileID: 400000, guid: 318805f6979f5784099c2204246d9d0c, type: 3}
      propertyPath: m_LocalEulerAnglesHint.y
      value: -14.321001
      objectReference: {fileID: 0}
    - target: {fileID: 400000, guid: 318805f6979f5784099c2204246d9d0c, type: 3}
      propertyPath: m_LocalEulerAnglesHint.z
      value: 0
      objectReference: {fileID: 0}
    m_RemovedComponents: []
  m_SourcePrefab: {fileID: 100100000, guid: 318805f6979f5784099c2204246d9d0c, type: 3}
--- !u!4 &8249291744221363315 stripped
Transform:
  m_CorrespondingSourceObject: {fileID: 400000, guid: 318805f6979f5784099c2204246d9d0c,
    type: 3}
  m_PrefabInstance: {fileID: 8249291744221751027}
  m_PrefabAsset: {fileID: 0}
