%YAML 1.1
%TAG !u! tag:unity3d.com,2011:
--- !u!1 &7037522344415305507
GameObject:
  m_ObjectHideFlags: 0
  m_CorrespondingSourceObject: {fileID: 0}
  m_PrefabInstance: {fileID: 0}
  m_PrefabAsset: {fileID: 0}
  serializedVersion: 6
  m_Component:
  - component: {fileID: 8704076829800112294}
  m_Layer: 0
  m_Name: CrateFishA02
  m_TagString: Untagged
  m_Icon: {fileID: 0}
  m_NavMeshLayer: 0
  m_StaticEditorFlags: 0
  m_IsActive: 1
--- !u!4 &8704076829800112294
Transform:
  m_ObjectHideFlags: 0
  m_CorrespondingSourceObject: {fileID: 0}
  m_PrefabInstance: {fileID: 0}
  m_PrefabAsset: {fileID: 0}
  m_GameObject: {fileID: 7037522344415305507}
  m_LocalRotation: {x: 0, y: 0, z: 0, w: 1}
  m_LocalPosition: {x: 0, y: 0, z: 0}
  m_LocalScale: {x: 1, y: 1, z: 1}
  m_Children:
  - {fileID: 1020922854390673609}
  - {fileID: 3800920443691888336}
  m_Father: {fileID: 0}
  m_RootOrder: 0
  m_LocalEulerAnglesHint: {x: 0, y: 0, z: 0}
--- !u!1 &8836996350867362171
GameObject:
  m_ObjectHideFlags: 0
  m_CorrespondingSourceObject: {fileID: 0}
  m_PrefabInstance: {fileID: 0}
  m_PrefabAsset: {fileID: 0}
  serializedVersion: 6
  m_Component:
  - component: {fileID: 1020922854390673609}
  m_Layer: 0
  m_Name: Props
  m_TagString: Untagged
  m_Icon: {fileID: 0}
  m_NavMeshLayer: 0
  m_StaticEditorFlags: 0
  m_IsActive: 1
--- !u!4 &1020922854390673609
Transform:
  m_ObjectHideFlags: 0
  m_CorrespondingSourceObject: {fileID: 0}
  m_PrefabInstance: {fileID: 0}
  m_PrefabAsset: {fileID: 0}
  m_GameObject: {fileID: 8836996350867362171}
  m_LocalRotation: {x: -0, y: -0, z: -0, w: 1}
  m_LocalPosition: {x: 0, y: 0, z: 0}
  m_LocalScale: {x: 1, y: 1, z: 1}
  m_Children:
  - {fileID: 8635532930235994046}
  - {fileID: 4260569394939250865}
  - {fileID: 5026030963372733419}
  - {fileID: 486777824513189737}
  - {fileID: 8593593190892914955}
  - {fileID: 7072674569169166100}
  - {fileID: 2952337012608345025}
  m_Father: {fileID: 8704076829800112294}
  m_RootOrder: 0
  m_LocalEulerAnglesHint: {x: 0, y: 0, z: 0}
--- !u!1001 &486777824513064425
PrefabInstance:
  m_ObjectHideFlags: 0
  serializedVersion: 2
  m_Modification:
    m_TransformParent: {fileID: 1020922854390673609}
    m_Modifications:
    - target: {fileID: 100000, guid: 4f46fe1e85d768543bcf07d7243029e7, type: 3}
      propertyPath: m_Name
      value: fi_vil_food_fish01_01
      objectReference: {fileID: 0}
    - target: {fileID: 400000, guid: 4f46fe1e85d768543bcf07d7243029e7, type: 3}
      propertyPath: m_LocalPosition.x
      value: 0.2197
      objectReference: {fileID: 0}
    - target: {fileID: 400000, guid: 4f46fe1e85d768543bcf07d7243029e7, type: 3}
      propertyPath: m_LocalPosition.y
      value: 0.1149
      objectReference: {fileID: 0}
    - target: {fileID: 400000, guid: 4f46fe1e85d768543bcf07d7243029e7, type: 3}
      propertyPath: m_LocalPosition.z
      value: 0.1302
      objectReference: {fileID: 0}
    - target: {fileID: 400000, guid: 4f46fe1e85d768543bcf07d7243029e7, type: 3}
      propertyPath: m_LocalRotation.x
      value: 0.020420698
      objectReference: {fileID: 0}
    - target: {fileID: 400000, guid: 4f46fe1e85d768543bcf07d7243029e7, type: 3}
      propertyPath: m_LocalRotation.y
      value: -0.21411444
      objectReference: {fileID: 0}
    - target: {fileID: 400000, guid: 4f46fe1e85d768543bcf07d7243029e7, type: 3}
      propertyPath: m_LocalRotation.z
      value: -0.14869952
      objectReference: {fileID: 0}
    - target: {fileID: 400000, guid: 4f46fe1e85d768543bcf07d7243029e7, type: 3}
      propertyPath: m_LocalRotation.w
      value: 0.965208
      objectReference: {fileID: 0}
    - target: {fileID: 400000, guid: 4f46fe1e85d768543bcf07d7243029e7, type: 3}
      propertyPath: m_RootOrder
      value: 3
      objectReference: {fileID: 0}
    - target: {fileID: 400000, guid: 4f46fe1e85d768543bcf07d7243029e7, type: 3}
      propertyPath: m_LocalEulerAnglesHint.x
      value: -1.3900001
      objectReference: {fileID: 0}
    - target: {fileID: 400000, guid: 4f46fe1e85d768543bcf07d7243029e7, type: 3}
      propertyPath: m_LocalEulerAnglesHint.y
      value: -24.805
      objectReference: {fileID: 0}
    - target: {fileID: 400000, guid: 4f46fe1e85d768543bcf07d7243029e7, type: 3}
      propertyPath: m_LocalEulerAnglesHint.z
      value: -17.211
      objectReference: {fileID: 0}
    m_RemovedComponents: []
  m_SourcePrefab: {fileID: 100100000, guid: 4f46fe1e85d768543bcf07d7243029e7, type: 3}
--- !u!4 &486777824513189737 stripped
Transform:
  m_CorrespondingSourceObject: {fileID: 400000, guid: 4f46fe1e85d768543bcf07d7243029e7,
    type: 3}
  m_PrefabInstance: {fileID: 486777824513064425}
  m_PrefabAsset: {fileID: 0}
--- !u!1001 &2952337012608481601
PrefabInstance:
  m_ObjectHideFlags: 0
  serializedVersion: 2
  m_Modification:
    m_TransformParent: {fileID: 1020922854390673609}
    m_Modifications:
    - target: {fileID: 100000, guid: 4f46fe1e85d768543bcf07d7243029e7, type: 3}
      propertyPath: m_Name
      value: fi_vil_food_fish01_01
      objectReference: {fileID: 0}
    - target: {fileID: 400000, guid: 4f46fe1e85d768543bcf07d7243029e7, type: 3}
      propertyPath: m_LocalPosition.x
      value: 0.2263
      objectReference: {fileID: 0}
    - target: {fileID: 400000, guid: 4f46fe1e85d768543bcf07d7243029e7, type: 3}
      propertyPath: m_LocalPosition.y
      value: 0.144
      objectReference: {fileID: 0}
    - target: {fileID: 400000, guid: 4f46fe1e85d768543bcf07d7243029e7, type: 3}
      propertyPath: m_LocalPosition.z
      value: -0.053
      objectReference: {fileID: 0}
    - target: {fileID: 400000, guid: 4f46fe1e85d768543bcf07d7243029e7, type: 3}
      propertyPath: m_LocalRotation.x
      value: -0.0069201197
      objectReference: {fileID: 0}
    - target: {fileID: 400000, guid: 4f46fe1e85d768543bcf07d7243029e7, type: 3}
      propertyPath: m_LocalRotation.y
      value: 0.12614936
      objectReference: {fileID: 0}
    - target: {fileID: 400000, guid: 4f46fe1e85d768543bcf07d7243029e7, type: 3}
      propertyPath: m_LocalRotation.z
      value: 0.14993566
      objectReference: {fileID: 0}
    - target: {fileID: 400000, guid: 4f46fe1e85d768543bcf07d7243029e7, type: 3}
      propertyPath: m_LocalRotation.w
      value: -0.9805905
      objectReference: {fileID: 0}
    - target: {fileID: 400000, guid: 4f46fe1e85d768543bcf07d7243029e7, type: 3}
      propertyPath: m_RootOrder
      value: 6
      objectReference: {fileID: 0}
    - target: {fileID: 400000, guid: 4f46fe1e85d768543bcf07d7243029e7, type: 3}
      propertyPath: m_LocalEulerAnglesHint.x
      value: -1.3900001
      objectReference: {fileID: 0}
    - target: {fileID: 400000, guid: 4f46fe1e85d768543bcf07d7243029e7, type: 3}
      propertyPath: m_LocalEulerAnglesHint.y
      value: 345.549
      objectReference: {fileID: 0}
    - target: {fileID: 400000, guid: 4f46fe1e85d768543bcf07d7243029e7, type: 3}
      propertyPath: m_LocalEulerAnglesHint.z
      value: -17.211
      objectReference: {fileID: 0}
    - target: {fileID: 400000, guid: 4f46fe1e85d768543bcf07d7243029e7, type: 3}
      propertyPath: m_LocalScale.x
      value: 0.83172
      objectReference: {fileID: 0}
    - target: {fileID: 400000, guid: 4f46fe1e85d768543bcf07d7243029e7, type: 3}
      propertyPath: m_LocalScale.y
      value: 0.83172
      objectReference: {fileID: 0}
    - target: {fileID: 400000, guid: 4f46fe1e85d768543bcf07d7243029e7, type: 3}
      propertyPath: m_LocalScale.z
      value: 0.8317201
      objectReference: {fileID: 0}
    m_RemovedComponents: []
  m_SourcePrefab: {fileID: 100100000, guid: 4f46fe1e85d768543bcf07d7243029e7, type: 3}
--- !u!4 &2952337012608345025 stripped
Transform:
  m_CorrespondingSourceObject: {fileID: 400000, guid: 4f46fe1e85d768543bcf07d7243029e7,
    type: 3}
  m_PrefabInstance: {fileID: 2952337012608481601}
  m_PrefabAsset: {fileID: 0}
--- !u!1001 &3800920443691509148
PrefabInstance:
  m_ObjectHideFlags: 0
  serializedVersion: 2
  m_Modification:
    m_TransformParent: {fileID: 8704076829800112294}
    m_Modifications:
    - target: {fileID: 192120, guid: 7afe261ea12dc1c41b45d284d25049fd, type: 3}
      propertyPath: m_Name
      value: fe_vil_crate_08c
      objectReference: {fileID: 0}
    - target: {fileID: 445260, guid: 7afe261ea12dc1c41b45d284d25049fd, type: 3}
      propertyPath: m_LocalPosition.x
      value: 0
      objectReference: {fileID: 0}
    - target: {fileID: 445260, guid: 7afe261ea12dc1c41b45d284d25049fd, type: 3}
      propertyPath: m_LocalPosition.y
      value: 0
      objectReference: {fileID: 0}
    - target: {fileID: 445260, guid: 7afe261ea12dc1c41b45d284d25049fd, type: 3}
      propertyPath: m_LocalPosition.z
      value: 0
      objectReference: {fileID: 0}
    - target: {fileID: 445260, guid: 7afe261ea12dc1c41b45d284d25049fd, type: 3}
      propertyPath: m_LocalRotation.x
      value: -0
      objectReference: {fileID: 0}
    - target: {fileID: 445260, guid: 7afe261ea12dc1c41b45d284d25049fd, type: 3}
      propertyPath: m_LocalRotation.y
      value: -0
      objectReference: {fileID: 0}
    - target: {fileID: 445260, guid: 7afe261ea12dc1c41b45d284d25049fd, type: 3}
      propertyPath: m_LocalRotation.z
      value: -0
      objectReference: {fileID: 0}
    - target: {fileID: 445260, guid: 7afe261ea12dc1c41b45d284d25049fd, type: 3}
      propertyPath: m_LocalRotation.w
      value: 1
      objectReference: {fileID: 0}
    - target: {fileID: 445260, guid: 7afe261ea12dc1c41b45d284d25049fd, type: 3}
      propertyPath: m_RootOrder
      value: 1
      objectReference: {fileID: 0}
    - target: {fileID: 445260, guid: 7afe261ea12dc1c41b45d284d25049fd, type: 3}
      propertyPath: m_LocalEulerAnglesHint.x
      value: 0
      objectReference: {fileID: 0}
    - target: {fileID: 445260, guid: 7afe261ea12dc1c41b45d284d25049fd, type: 3}
      propertyPath: m_LocalEulerAnglesHint.y
      value: 0
      objectReference: {fileID: 0}
    - target: {fileID: 445260, guid: 7afe261ea12dc1c41b45d284d25049fd, type: 3}
      propertyPath: m_LocalEulerAnglesHint.z
      value: 0
      objectReference: {fileID: 0}
    m_RemovedComponents: []
  m_SourcePrefab: {fileID: 100100000, guid: 7afe261ea12dc1c41b45d284d25049fd, type: 3}
--- !u!4 &3800920443691888336 stripped
Transform:
  m_CorrespondingSourceObject: {fileID: 445260, guid: 7afe261ea12dc1c41b45d284d25049fd,
    type: 3}
  m_PrefabInstance: {fileID: 3800920443691509148}
  m_PrefabAsset: {fileID: 0}
--- !u!1001 &4260569394939646513
PrefabInstance:
  m_ObjectHideFlags: 0
  serializedVersion: 2
  m_Modification:
    m_TransformParent: {fileID: 1020922854390673609}
    m_Modifications:
    - target: {fileID: 100000, guid: 4f46fe1e85d768543bcf07d7243029e7, type: 3}
      propertyPath: m_Name
      value: fi_vil_food_fish01_01
      objectReference: {fileID: 0}
    - target: {fileID: 400000, guid: 4f46fe1e85d768543bcf07d7243029e7, type: 3}
      propertyPath: m_LocalPosition.x
      value: 0.0221
      objectReference: {fileID: 0}
    - target: {fileID: 400000, guid: 4f46fe1e85d768543bcf07d7243029e7, type: 3}
      propertyPath: m_LocalPosition.y
      value: 0.0462
      objectReference: {fileID: 0}
    - target: {fileID: 400000, guid: 4f46fe1e85d768543bcf07d7243029e7, type: 3}
      propertyPath: m_LocalPosition.z
      value: 0.1179
      objectReference: {fileID: 0}
    - target: {fileID: 400000, guid: 4f46fe1e85d768543bcf07d7243029e7, type: 3}
      propertyPath: m_LocalRotation.x
      value: -0
      objectReference: {fileID: 0}
    - target: {fileID: 400000, guid: 4f46fe1e85d768543bcf07d7243029e7, type: 3}
      propertyPath: m_LocalRotation.y
      value: 0.9866645
      objectReference: {fileID: 0}
    - target: {fileID: 400000, guid: 4f46fe1e85d768543bcf07d7243029e7, type: 3}
      propertyPath: m_LocalRotation.z
      value: -0
      objectReference: {fileID: 0}
    - target: {fileID: 400000, guid: 4f46fe1e85d768543bcf07d7243029e7, type: 3}
      propertyPath: m_LocalRotation.w
      value: -0.1627675
      objectReference: {fileID: 0}
    - target: {fileID: 400000, guid: 4f46fe1e85d768543bcf07d7243029e7, type: 3}
      propertyPath: m_RootOrder
      value: 1
      objectReference: {fileID: 0}
    - target: {fileID: 400000, guid: 4f46fe1e85d768543bcf07d7243029e7, type: 3}
      propertyPath: m_LocalEulerAnglesHint.x
      value: 0
      objectReference: {fileID: 0}
    - target: {fileID: 400000, guid: 4f46fe1e85d768543bcf07d7243029e7, type: 3}
      propertyPath: m_LocalEulerAnglesHint.y
      value: 198.73499
      objectReference: {fileID: 0}
    - target: {fileID: 400000, guid: 4f46fe1e85d768543bcf07d7243029e7, type: 3}
      propertyPath: m_LocalEulerAnglesHint.z
      value: 0
      objectReference: {fileID: 0}
    - target: {fileID: 400000, guid: 4f46fe1e85d768543bcf07d7243029e7, type: 3}
      propertyPath: m_LocalScale.x
      value: 1.2000006
      objectReference: {fileID: 0}
    - target: {fileID: 400000, guid: 4f46fe1e85d768543bcf07d7243029e7, type: 3}
      propertyPath: m_LocalScale.y
      value: 1.2
      objectReference: {fileID: 0}
    - target: {fileID: 400000, guid: 4f46fe1e85d768543bcf07d7243029e7, type: 3}
      propertyPath: m_LocalScale.z
      value: 1.2000006
      objectReference: {fileID: 0}
    m_RemovedComponents: []
  m_SourcePrefab: {fileID: 100100000, guid: 4f46fe1e85d768543bcf07d7243029e7, type: 3}
--- !u!4 &4260569394939250865 stripped
Transform:
  m_CorrespondingSourceObject: {fileID: 400000, guid: 4f46fe1e85d768543bcf07d7243029e7,
    type: 3}
  m_PrefabInstance: {fileID: 4260569394939646513}
  m_PrefabAsset: {fileID: 0}
--- !u!1001 &5026030963372861803
PrefabInstance:
  m_ObjectHideFlags: 0
  serializedVersion: 2
  m_Modification:
    m_TransformParent: {fileID: 1020922854390673609}
    m_Modifications:
    - target: {fileID: 100000, guid: 4f46fe1e85d768543bcf07d7243029e7, type: 3}
      propertyPath: m_Name
      value: fi_vil_food_fish01_01
      objectReference: {fileID: 0}
    - target: {fileID: 400000, guid: 4f46fe1e85d768543bcf07d7243029e7, type: 3}
      propertyPath: m_LocalPosition.x
      value: -0.0173
      objectReference: {fileID: 0}
    - target: {fileID: 400000, guid: 4f46fe1e85d768543bcf07d7243029e7, type: 3}
      propertyPath: m_LocalPosition.y
      value: 0.1927
      objectReference: {fileID: 0}
    - target: {fileID: 400000, guid: 4f46fe1e85d768543bcf07d7243029e7, type: 3}
      propertyPath: m_LocalPosition.z
      value: -0.1157
      objectReference: {fileID: 0}
    - target: {fileID: 400000, guid: 4f46fe1e85d768543bcf07d7243029e7, type: 3}
      propertyPath: m_LocalRotation.x
      value: 0.9858258
      objectReference: {fileID: 0}
    - target: {fileID: 400000, guid: 4f46fe1e85d768543bcf07d7243029e7, type: 3}
      propertyPath: m_LocalRotation.y
      value: 0.040670898
      objectReference: {fileID: 0}
    - target: {fileID: 400000, guid: 4f46fe1e85d768543bcf07d7243029e7, type: 3}
      propertyPath: m_LocalRotation.z
      value: -0.16263
      objectReference: {fileID: 0}
    - target: {fileID: 400000, guid: 4f46fe1e85d768543bcf07d7243029e7, type: 3}
      propertyPath: m_LocalRotation.w
      value: -0.006708945
      objectReference: {fileID: 0}
    - target: {fileID: 400000, guid: 4f46fe1e85d768543bcf07d7243029e7, type: 3}
      propertyPath: m_RootOrder
      value: 2
      objectReference: {fileID: 0}
    - target: {fileID: 400000, guid: 4f46fe1e85d768543bcf07d7243029e7, type: 3}
      propertyPath: m_LocalEulerAnglesHint.x
      value: -180
      objectReference: {fileID: 0}
    - target: {fileID: 400000, guid: 4f46fe1e85d768543bcf07d7243029e7, type: 3}
      propertyPath: m_LocalEulerAnglesHint.y
      value: 378.735
      objectReference: {fileID: 0}
    - target: {fileID: 400000, guid: 4f46fe1e85d768543bcf07d7243029e7, type: 3}
      propertyPath: m_LocalEulerAnglesHint.z
      value: -4.7249756
      objectReference: {fileID: 0}
    - target: {fileID: 400000, guid: 4f46fe1e85d768543bcf07d7243029e7, type: 3}
      propertyPath: m_LocalScale.x
      value: 1.2000002
      objectReference: {fileID: 0}
    - target: {fileID: 400000, guid: 4f46fe1e85d768543bcf07d7243029e7, type: 3}
      propertyPath: m_LocalScale.y
      value: 1.2000015
      objectReference: {fileID: 0}
    - target: {fileID: 400000, guid: 4f46fe1e85d768543bcf07d7243029e7, type: 3}
      propertyPath: m_LocalScale.z
      value: 1.2000015
      objectReference: {fileID: 0}
    m_RemovedComponents: []
  m_SourcePrefab: {fileID: 100100000, guid: 4f46fe1e85d768543bcf07d7243029e7, type: 3}
--- !u!4 &5026030963372733419 stripped
Transform:
  m_CorrespondingSourceObject: {fileID: 400000, guid: 4f46fe1e85d768543bcf07d7243029e7,
    type: 3}
  m_PrefabInstance: {fileID: 5026030963372861803}
  m_PrefabAsset: {fileID: 0}
--- !u!1001 &7072674569169028500
PrefabInstance:
  m_ObjectHideFlags: 0
  serializedVersion: 2
  m_Modification:
    m_TransformParent: {fileID: 1020922854390673609}
    m_Modifications:
    - target: {fileID: 100000, guid: 4f46fe1e85d768543bcf07d7243029e7, type: 3}
      propertyPath: m_Name
      value: fi_vil_food_fish01_01
      objectReference: {fileID: 0}
    - target: {fileID: 400000, guid: 4f46fe1e85d768543bcf07d7243029e7, type: 3}
      propertyPath: m_LocalPosition.x
      value: -0.23007545
      objectReference: {fileID: 0}
    - target: {fileID: 400000, guid: 4f46fe1e85d768543bcf07d7243029e7, type: 3}
      propertyPath: m_LocalPosition.y
      value: 0.1031
      objectReference: {fileID: 0}
    - target: {fileID: 400000, guid: 4f46fe1e85d768543bcf07d7243029e7, type: 3}
      propertyPath: m_LocalPosition.z
      value: 0.0756765
      objectReference: {fileID: 0}
    - target: {fileID: 400000, guid: 4f46fe1e85d768543bcf07d7243029e7, type: 3}
      propertyPath: m_LocalRotation.x
      value: -0.14661767
      objectReference: {fileID: 0}
    - target: {fileID: 400000, guid: 4f46fe1e85d768543bcf07d7243029e7, type: 3}
      propertyPath: m_LocalRotation.y
      value: 0.9798273
      objectReference: {fileID: 0}
    - target: {fileID: 400000, guid: 4f46fe1e85d768543bcf07d7243029e7, type: 3}
      propertyPath: m_LocalRotation.z
      value: 0.03212224
      objectReference: {fileID: 0}
    - target: {fileID: 400000, guid: 4f46fe1e85d768543bcf07d7243029e7, type: 3}
      propertyPath: m_LocalRotation.w
      value: -0.13194688
      objectReference: {fileID: 0}
    - target: {fileID: 400000, guid: 4f46fe1e85d768543bcf07d7243029e7, type: 3}
      propertyPath: m_RootOrder
      value: 5
      objectReference: {fileID: 0}
    - target: {fileID: 400000, guid: 4f46fe1e85d768543bcf07d7243029e7, type: 3}
      propertyPath: m_LocalEulerAnglesHint.x
      value: -1.3900001
      objectReference: {fileID: 0}
    - target: {fileID: 400000, guid: 4f46fe1e85d768543bcf07d7243029e7, type: 3}
      propertyPath: m_LocalEulerAnglesHint.y
      value: 195.549
      objectReference: {fileID: 0}
    - target: {fileID: 400000, guid: 4f46fe1e85d768543bcf07d7243029e7, type: 3}
      propertyPath: m_LocalEulerAnglesHint.z
      value: -17.211
      objectReference: {fileID: 0}
    - target: {fileID: 400000, guid: 4f46fe1e85d768543bcf07d7243029e7, type: 3}
      propertyPath: m_LocalScale.x
      value: 0.8317201
      objectReference: {fileID: 0}
    - target: {fileID: 400000, guid: 4f46fe1e85d768543bcf07d7243029e7, type: 3}
      propertyPath: m_LocalScale.y
      value: 0.83172
      objectReference: {fileID: 0}
    - target: {fileID: 400000, guid: 4f46fe1e85d768543bcf07d7243029e7, type: 3}
      propertyPath: m_LocalScale.z
      value: 0.8317201
      objectReference: {fileID: 0}
    m_RemovedComponents: []
  m_SourcePrefab: {fileID: 100100000, guid: 4f46fe1e85d768543bcf07d7243029e7, type: 3}
--- !u!4 &7072674569169166100 stripped
Transform:
  m_CorrespondingSourceObject: {fileID: 400000, guid: 4f46fe1e85d768543bcf07d7243029e7,
    type: 3}
  m_PrefabInstance: {fileID: 7072674569169028500}
  m_PrefabAsset: {fileID: 0}
--- !u!1001 &8593593190893048715
PrefabInstance:
  m_ObjectHideFlags: 0
  serializedVersion: 2
  m_Modification:
    m_TransformParent: {fileID: 1020922854390673609}
    m_Modifications:
    - target: {fileID: 100000, guid: 4f46fe1e85d768543bcf07d7243029e7, type: 3}
      propertyPath: m_Name
      value: fi_vil_food_fish01_01
      objectReference: {fileID: 0}
    - target: {fileID: 400000, guid: 4f46fe1e85d768543bcf07d7243029e7, type: 3}
      propertyPath: m_LocalPosition.x
      value: -0.23225945
      objectReference: {fileID: 0}
    - target: {fileID: 400000, guid: 4f46fe1e85d768543bcf07d7243029e7, type: 3}
      propertyPath: m_LocalPosition.y
      value: 0.1122
      objectReference: {fileID: 0}
    - target: {fileID: 400000, guid: 4f46fe1e85d768543bcf07d7243029e7, type: 3}
      propertyPath: m_LocalPosition.z
      value: -0.14664051
      objectReference: {fileID: 0}
    - target: {fileID: 400000, guid: 4f46fe1e85d768543bcf07d7243029e7, type: 3}
      propertyPath: m_LocalRotation.x
      value: -0.10790222
      objectReference: {fileID: 0}
    - target: {fileID: 400000, guid: 4f46fe1e85d768543bcf07d7243029e7, type: 3}
      propertyPath: m_LocalRotation.y
      value: 0.98610157
      objectReference: {fileID: 0}
    - target: {fileID: 400000, guid: 4f46fe1e85d768543bcf07d7243029e7, type: 3}
      propertyPath: m_LocalRotation.z
      value: -0.012303053
      objectReference: {fileID: 0}
    - target: {fileID: 400000, guid: 4f46fe1e85d768543bcf07d7243029e7, type: 3}
      propertyPath: m_LocalRotation.w
      value: 0.12573579
      objectReference: {fileID: 0}
    - target: {fileID: 400000, guid: 4f46fe1e85d768543bcf07d7243029e7, type: 3}
      propertyPath: m_RootOrder
      value: 4
      objectReference: {fileID: 0}
    - target: {fileID: 400000, guid: 4f46fe1e85d768543bcf07d7243029e7, type: 3}
      propertyPath: m_LocalEulerAnglesHint.x
      value: -0.164
      objectReference: {fileID: 0}
    - target: {fileID: 400000, guid: 4f46fe1e85d768543bcf07d7243029e7, type: 3}
      propertyPath: m_LocalEulerAnglesHint.y
      value: 165.485
      objectReference: {fileID: 0}
    - target: {fileID: 400000, guid: 4f46fe1e85d768543bcf07d7243029e7, type: 3}
      propertyPath: m_LocalEulerAnglesHint.z
      value: -12.468
      objectReference: {fileID: 0}
    - target: {fileID: 400000, guid: 4f46fe1e85d768543bcf07d7243029e7, type: 3}
      propertyPath: m_LocalScale.x
      value: 0.8317201
      objectReference: {fileID: 0}
    - target: {fileID: 400000, guid: 4f46fe1e85d768543bcf07d7243029e7, type: 3}
      propertyPath: m_LocalScale.y
      value: 0.83172
      objectReference: {fileID: 0}
    - target: {fileID: 400000, guid: 4f46fe1e85d768543bcf07d7243029e7, type: 3}
      propertyPath: m_LocalScale.z
      value: 0.83172023
      objectReference: {fileID: 0}
    m_RemovedComponents: []
  m_SourcePrefab: {fileID: 100100000, guid: 4f46fe1e85d768543bcf07d7243029e7, type: 3}
--- !u!4 &8593593190892914955 stripped
Transform:
  m_CorrespondingSourceObject: {fileID: 400000, guid: 4f46fe1e85d768543bcf07d7243029e7,
    type: 3}
  m_PrefabInstance: {fileID: 8593593190893048715}
  m_PrefabAsset: {fileID: 0}
--- !u!1001 &8635532930235602238
PrefabInstance:
  m_ObjectHideFlags: 0
  serializedVersion: 2
  m_Modification:
    m_TransformParent: {fileID: 1020922854390673609}
    m_Modifications:
    - target: {fileID: 100000, guid: 4f46fe1e85d768543bcf07d7243029e7, type: 3}
      propertyPath: m_Name
      value: fi_vil_food_fish01_01
      objectReference: {fileID: 0}
    - target: {fileID: 400000, guid: 4f46fe1e85d768543bcf07d7243029e7, type: 3}
      propertyPath: m_LocalPosition.x
      value: 0.1932
      objectReference: {fileID: 0}
    - target: {fileID: 400000, guid: 4f46fe1e85d768543bcf07d7243029e7, type: 3}
      propertyPath: m_LocalPosition.y
      value: 0.0343
      objectReference: {fileID: 0}
    - target: {fileID: 400000, guid: 4f46fe1e85d768543bcf07d7243029e7, type: 3}
      propertyPath: m_LocalPosition.z
      value: -0.0986
      objectReference: {fileID: 0}
    - target: {fileID: 400000, guid: 4f46fe1e85d768543bcf07d7243029e7, type: 3}
      propertyPath: m_LocalRotation.x
      value: -0
      objectReference: {fileID: 0}
    - target: {fileID: 400000, guid: 4f46fe1e85d768543bcf07d7243029e7, type: 3}
      propertyPath: m_LocalRotation.y
      value: 0.21365283
      objectReference: {fileID: 0}
    - target: {fileID: 400000, guid: 4f46fe1e85d768543bcf07d7243029e7, type: 3}
      propertyPath: m_LocalRotation.z
      value: -0
      objectReference: {fileID: 0}
    - target: {fileID: 400000, guid: 4f46fe1e85d768543bcf07d7243029e7, type: 3}
      propertyPath: m_LocalRotation.w
      value: 0.97690964
      objectReference: {fileID: 0}
    - target: {fileID: 400000, guid: 4f46fe1e85d768543bcf07d7243029e7, type: 3}
      propertyPath: m_RootOrder
      value: 0
      objectReference: {fileID: 0}
    - target: {fileID: 400000, guid: 4f46fe1e85d768543bcf07d7243029e7, type: 3}
      propertyPath: m_LocalEulerAnglesHint.x
      value: 0
      objectReference: {fileID: 0}
    - target: {fileID: 400000, guid: 4f46fe1e85d768543bcf07d7243029e7, type: 3}
      propertyPath: m_LocalEulerAnglesHint.y
      value: 24.673
      objectReference: {fileID: 0}
    - target: {fileID: 400000, guid: 4f46fe1e85d768543bcf07d7243029e7, type: 3}
      propertyPath: m_LocalEulerAnglesHint.z
      value: 0
      objectReference: {fileID: 0}
    m_RemovedComponents: []
  m_SourcePrefab: {fileID: 100100000, guid: 4f46fe1e85d768543bcf07d7243029e7, type: 3}
--- !u!4 &8635532930235994046 stripped
Transform:
  m_CorrespondingSourceObject: {fileID: 400000, guid: 4f46fe1e85d768543bcf07d7243029e7,
    type: 3}
  m_PrefabInstance: {fileID: 8635532930235602238}
  m_PrefabAsset: {fileID: 0}
