%YAML 1.1
%TAG !u! tag:unity3d.com,2011:
--- !u!1 &4995083511441426075
GameObject:
  m_ObjectHideFlags: 0
  m_CorrespondingSourceObject: {fileID: 0}
  m_PrefabInstance: {fileID: 0}
  m_PrefabAsset: {fileID: 0}
  serializedVersion: 6
  m_Component:
  - component: {fileID: 4995083511441426072}
  m_Layer: 0
  m_Name: Props
  m_TagString: Untagged
  m_Icon: {fileID: 0}
  m_NavMeshLayer: 0
  m_StaticEditorFlags: 0
  m_IsActive: 1
--- !u!4 &4995083511441426072
Transform:
  m_ObjectHideFlags: 0
  m_CorrespondingSourceObject: {fileID: 0}
  m_PrefabInstance: {fileID: 0}
  m_PrefabAsset: {fileID: 0}
  m_GameObject: {fileID: 4995083511441426075}
  m_LocalRotation: {x: -0, y: -0, z: -0, w: 1}
  m_LocalPosition: {x: 0, y: 0, z: 0}
  m_LocalScale: {x: 1, y: 1, z: 1}
  m_Children:
  - {fileID: 6504026629133312413}
  - {fileID: 2422361340231326163}
  - {fileID: 5797522987530310399}
  - {fileID: 3281278704176807923}
  - {fileID: 4297451446039600948}
  - {fileID: 7221903775196920745}
  - {fileID: 4242474084348005643}
  - {fileID: 510914734898853205}
  m_Father: {fileID: 4995083511955797670}
  m_RootOrder: 1
  m_LocalEulerAnglesHint: {x: 0, y: 0, z: 0}
--- !u!1 &4995083511955797673
GameObject:
  m_ObjectHideFlags: 0
  m_CorrespondingSourceObject: {fileID: 0}
  m_PrefabInstance: {fileID: 0}
  m_PrefabAsset: {fileID: 0}
  serializedVersion: 6
  m_Component:
  - component: {fileID: 4995083511955797670}
  m_Layer: 0
  m_Name: Cartographer01_w
  m_TagString: Untagged
  m_Icon: {fileID: 0}
  m_NavMeshLayer: 0
  m_StaticEditorFlags: 0
  m_IsActive: 1
--- !u!4 &4995083511955797670
Transform:
  m_ObjectHideFlags: 0
  m_CorrespondingSourceObject: {fileID: 0}
  m_PrefabInstance: {fileID: 0}
  m_PrefabAsset: {fileID: 0}
  m_GameObject: {fileID: 4995083511955797673}
  m_LocalRotation: {x: 0, y: 0, z: 0, w: 1}
  m_LocalPosition: {x: 0, y: 0, z: 0}
  m_LocalScale: {x: 1, y: 1, z: 1}
  m_Children:
  - {fileID: 4995083512648831738}
  - {fileID: 4995083511441426072}
  m_Father: {fileID: 0}
  m_RootOrder: 0
  m_LocalEulerAnglesHint: {x: 0, y: 0, z: 0}
--- !u!1001 &400974969073489278
PrefabInstance:
  m_ObjectHideFlags: 0
  serializedVersion: 2
  m_Modification:
    m_TransformParent: {fileID: 2422361340231326163}
    m_Modifications:
    - target: {fileID: 100000, guid: da45b56e8f7e6ca499f3a6dbc32fd9f0, type: 3}
      propertyPath: m_Name
      value: fi_vil_library_scroll01b
      objectReference: {fileID: 0}
    - target: {fileID: 400000, guid: da45b56e8f7e6ca499f3a6dbc32fd9f0, type: 3}
      propertyPath: m_LocalPosition.x
      value: 1.5015516
      objectReference: {fileID: 0}
    - target: {fileID: 400000, guid: da45b56e8f7e6ca499f3a6dbc32fd9f0, type: 3}
      propertyPath: m_LocalPosition.y
      value: 0.90208685
      objectReference: {fileID: 0}
    - target: {fileID: 400000, guid: da45b56e8f7e6ca499f3a6dbc32fd9f0, type: 3}
      propertyPath: m_LocalPosition.z
      value: 0.2928791
      objectReference: {fileID: 0}
    - target: {fileID: 400000, guid: da45b56e8f7e6ca499f3a6dbc32fd9f0, type: 3}
      propertyPath: m_LocalRotation.x
      value: -0
      objectReference: {fileID: 0}
    - target: {fileID: 400000, guid: da45b56e8f7e6ca499f3a6dbc32fd9f0, type: 3}
      propertyPath: m_LocalRotation.y
      value: 0.08922528
      objectReference: {fileID: 0}
    - target: {fileID: 400000, guid: da45b56e8f7e6ca499f3a6dbc32fd9f0, type: 3}
      propertyPath: m_LocalRotation.z
      value: -0
      objectReference: {fileID: 0}
    - target: {fileID: 400000, guid: da45b56e8f7e6ca499f3a6dbc32fd9f0, type: 3}
      propertyPath: m_LocalRotation.w
      value: 0.9960115
      objectReference: {fileID: 0}
    - target: {fileID: 400000, guid: da45b56e8f7e6ca499f3a6dbc32fd9f0, type: 3}
      propertyPath: m_RootOrder
      value: 4
      objectReference: {fileID: 0}
    - target: {fileID: 400000, guid: da45b56e8f7e6ca499f3a6dbc32fd9f0, type: 3}
      propertyPath: m_LocalEulerAnglesHint.x
      value: 0
      objectReference: {fileID: 0}
    - target: {fileID: 400000, guid: da45b56e8f7e6ca499f3a6dbc32fd9f0, type: 3}
      propertyPath: m_LocalEulerAnglesHint.y
      value: 10.238001
      objectReference: {fileID: 0}
    - target: {fileID: 400000, guid: da45b56e8f7e6ca499f3a6dbc32fd9f0, type: 3}
      propertyPath: m_LocalEulerAnglesHint.z
      value: 0
      objectReference: {fileID: 0}
    m_RemovedComponents: []
  m_SourcePrefab: {fileID: 100100000, guid: da45b56e8f7e6ca499f3a6dbc32fd9f0, type: 3}
--- !u!1001 &510914734899245013
PrefabInstance:
  m_ObjectHideFlags: 0
  serializedVersion: 2
  m_Modification:
    m_TransformParent: {fileID: 4995083511441426072}
    m_Modifications:
    - target: {fileID: 100000, guid: bf27de452fef9204585e86345c026523, type: 3}
      propertyPath: m_Name
      value: fi_vil_woven_carpet12
      objectReference: {fileID: 0}
    - target: {fileID: 400000, guid: bf27de452fef9204585e86345c026523, type: 3}
      propertyPath: m_LocalPosition.x
      value: 1.59
      objectReference: {fileID: 0}
    - target: {fileID: 400000, guid: bf27de452fef9204585e86345c026523, type: 3}
      propertyPath: m_LocalPosition.y
      value: 0.002
      objectReference: {fileID: 0}
    - target: {fileID: 400000, guid: bf27de452fef9204585e86345c026523, type: 3}
      propertyPath: m_LocalPosition.z
      value: 0.022000313
      objectReference: {fileID: 0}
    - target: {fileID: 400000, guid: bf27de452fef9204585e86345c026523, type: 3}
      propertyPath: m_LocalRotation.x
      value: -0
      objectReference: {fileID: 0}
    - target: {fileID: 400000, guid: bf27de452fef9204585e86345c026523, type: 3}
      propertyPath: m_LocalRotation.y
      value: -0.684383
      objectReference: {fileID: 0}
    - target: {fileID: 400000, guid: bf27de452fef9204585e86345c026523, type: 3}
      propertyPath: m_LocalRotation.z
      value: -0
      objectReference: {fileID: 0}
    - target: {fileID: 400000, guid: bf27de452fef9204585e86345c026523, type: 3}
      propertyPath: m_LocalRotation.w
      value: 0.7291227
      objectReference: {fileID: 0}
    - target: {fileID: 400000, guid: bf27de452fef9204585e86345c026523, type: 3}
      propertyPath: m_RootOrder
      value: 7
      objectReference: {fileID: 0}
    - target: {fileID: 400000, guid: bf27de452fef9204585e86345c026523, type: 3}
      propertyPath: m_LocalEulerAnglesHint.x
      value: 0
      objectReference: {fileID: 0}
    - target: {fileID: 400000, guid: bf27de452fef9204585e86345c026523, type: 3}
      propertyPath: m_LocalEulerAnglesHint.y
      value: -86.374
      objectReference: {fileID: 0}
    - target: {fileID: 400000, guid: bf27de452fef9204585e86345c026523, type: 3}
      propertyPath: m_LocalEulerAnglesHint.z
      value: 0
      objectReference: {fileID: 0}
    m_RemovedComponents: []
  m_SourcePrefab: {fileID: 100100000, guid: bf27de452fef9204585e86345c026523, type: 3}
--- !u!4 &510914734898853205 stripped
Transform:
  m_CorrespondingSourceObject: {fileID: 400000, guid: bf27de452fef9204585e86345c026523,
    type: 3}
  m_PrefabInstance: {fileID: 510914734899245013}
  m_PrefabAsset: {fileID: 0}
--- !u!1001 &2296534895428336615
PrefabInstance:
  m_ObjectHideFlags: 0
  serializedVersion: 2
  m_Modification:
    m_TransformParent: {fileID: 2422361340231326163}
    m_Modifications:
    - target: {fileID: 100000, guid: 6f0d4aab7c4f2584381da7d7c99a5c49, type: 3}
      propertyPath: m_Name
      value: fi_vil_library_book_open02
      objectReference: {fileID: 0}
    - target: {fileID: 400000, guid: 6f0d4aab7c4f2584381da7d7c99a5c49, type: 3}
      propertyPath: m_LocalPosition.x
      value: 2.244046
      objectReference: {fileID: 0}
    - target: {fileID: 400000, guid: 6f0d4aab7c4f2584381da7d7c99a5c49, type: 3}
      propertyPath: m_LocalPosition.y
      value: 0.9024317
      objectReference: {fileID: 0}
    - target: {fileID: 400000, guid: 6f0d4aab7c4f2584381da7d7c99a5c49, type: 3}
      propertyPath: m_LocalPosition.z
      value: 1.2408218
      objectReference: {fileID: 0}
    - target: {fileID: 400000, guid: 6f0d4aab7c4f2584381da7d7c99a5c49, type: 3}
      propertyPath: m_LocalRotation.x
      value: -0
      objectReference: {fileID: 0}
    - target: {fileID: 400000, guid: 6f0d4aab7c4f2584381da7d7c99a5c49, type: 3}
      propertyPath: m_LocalRotation.y
      value: 0.27312726
      objectReference: {fileID: 0}
    - target: {fileID: 400000, guid: 6f0d4aab7c4f2584381da7d7c99a5c49, type: 3}
      propertyPath: m_LocalRotation.z
      value: -0
      objectReference: {fileID: 0}
    - target: {fileID: 400000, guid: 6f0d4aab7c4f2584381da7d7c99a5c49, type: 3}
      propertyPath: m_LocalRotation.w
      value: 0.96197796
      objectReference: {fileID: 0}
    - target: {fileID: 400000, guid: 6f0d4aab7c4f2584381da7d7c99a5c49, type: 3}
      propertyPath: m_RootOrder
      value: 7
      objectReference: {fileID: 0}
    - target: {fileID: 400000, guid: 6f0d4aab7c4f2584381da7d7c99a5c49, type: 3}
      propertyPath: m_LocalEulerAnglesHint.x
      value: 0
      objectReference: {fileID: 0}
    - target: {fileID: 400000, guid: 6f0d4aab7c4f2584381da7d7c99a5c49, type: 3}
      propertyPath: m_LocalEulerAnglesHint.y
      value: 31.701002
      objectReference: {fileID: 0}
    - target: {fileID: 400000, guid: 6f0d4aab7c4f2584381da7d7c99a5c49, type: 3}
      propertyPath: m_LocalEulerAnglesHint.z
      value: 0
      objectReference: {fileID: 0}
    m_RemovedComponents: []
  m_SourcePrefab: {fileID: 100100000, guid: 6f0d4aab7c4f2584381da7d7c99a5c49, type: 3}
--- !u!1001 &2422361340231713619
PrefabInstance:
  m_ObjectHideFlags: 0
  serializedVersion: 2
  m_Modification:
    m_TransformParent: {fileID: 4995083511441426072}
    m_Modifications:
    - target: {fileID: 100000, guid: 97edda68da74b0e4880be67d1d17e05a, type: 3}
      propertyPath: m_Name
      value: fi_vil_furniture_table02_03
      objectReference: {fileID: 0}
    - target: {fileID: 400000, guid: 97edda68da74b0e4880be67d1d17e05a, type: 3}
      propertyPath: m_LocalPosition.x
      value: 0.74579334
      objectReference: {fileID: 0}
    - target: {fileID: 400000, guid: 97edda68da74b0e4880be67d1d17e05a, type: 3}
      propertyPath: m_LocalPosition.y
      value: 0
      objectReference: {fileID: 0}
    - target: {fileID: 400000, guid: 97edda68da74b0e4880be67d1d17e05a, type: 3}
      propertyPath: m_LocalPosition.z
      value: -0.42299938
      objectReference: {fileID: 0}
    - target: {fileID: 400000, guid: 97edda68da74b0e4880be67d1d17e05a, type: 3}
      propertyPath: m_LocalRotation.x
      value: -0
      objectReference: {fileID: 0}
    - target: {fileID: 400000, guid: 97edda68da74b0e4880be67d1d17e05a, type: 3}
      propertyPath: m_LocalRotation.y
      value: -0
      objectReference: {fileID: 0}
    - target: {fileID: 400000, guid: 97edda68da74b0e4880be67d1d17e05a, type: 3}
      propertyPath: m_LocalRotation.z
      value: -0
      objectReference: {fileID: 0}
    - target: {fileID: 400000, guid: 97edda68da74b0e4880be67d1d17e05a, type: 3}
      propertyPath: m_LocalRotation.w
      value: 1
      objectReference: {fileID: 0}
    - target: {fileID: 400000, guid: 97edda68da74b0e4880be67d1d17e05a, type: 3}
      propertyPath: m_RootOrder
      value: 1
      objectReference: {fileID: 0}
    - target: {fileID: 400000, guid: 97edda68da74b0e4880be67d1d17e05a, type: 3}
      propertyPath: m_LocalEulerAnglesHint.x
      value: 0
      objectReference: {fileID: 0}
    - target: {fileID: 400000, guid: 97edda68da74b0e4880be67d1d17e05a, type: 3}
      propertyPath: m_LocalEulerAnglesHint.y
      value: 0
      objectReference: {fileID: 0}
    - target: {fileID: 400000, guid: 97edda68da74b0e4880be67d1d17e05a, type: 3}
      propertyPath: m_LocalEulerAnglesHint.z
      value: 0
      objectReference: {fileID: 0}
    m_RemovedComponents: []
  m_SourcePrefab: {fileID: 100100000, guid: 97edda68da74b0e4880be67d1d17e05a, type: 3}
--- !u!4 &2422361340231326163 stripped
Transform:
  m_CorrespondingSourceObject: {fileID: 400000, guid: 97edda68da74b0e4880be67d1d17e05a,
    type: 3}
  m_PrefabInstance: {fileID: 2422361340231713619}
  m_PrefabAsset: {fileID: 0}
--- !u!1001 &2795432143504115813
PrefabInstance:
  m_ObjectHideFlags: 0
  serializedVersion: 2
  m_Modification:
    m_TransformParent: {fileID: 2422361340231326163}
    m_Modifications:
    - target: {fileID: 100000, guid: 199e154733792694b8bad77e19896abf, type: 3}
      propertyPath: m_Name
      value: fi_vil_library_scroll11e
      objectReference: {fileID: 0}
    - target: {fileID: 400000, guid: 199e154733792694b8bad77e19896abf, type: 3}
      propertyPath: m_LocalPosition.x
      value: 1.9377742
      objectReference: {fileID: 0}
    - target: {fileID: 400000, guid: 199e154733792694b8bad77e19896abf, type: 3}
      propertyPath: m_LocalPosition.y
      value: 0.9020869
      objectReference: {fileID: 0}
    - target: {fileID: 400000, guid: 199e154733792694b8bad77e19896abf, type: 3}
      propertyPath: m_LocalPosition.z
      value: 0.63272953
      objectReference: {fileID: 0}
    - target: {fileID: 400000, guid: 199e154733792694b8bad77e19896abf, type: 3}
      propertyPath: m_LocalRotation.x
      value: -0
      objectReference: {fileID: 0}
    - target: {fileID: 400000, guid: 199e154733792694b8bad77e19896abf, type: 3}
      propertyPath: m_LocalRotation.y
      value: -0.06671592
      objectReference: {fileID: 0}
    - target: {fileID: 400000, guid: 199e154733792694b8bad77e19896abf, type: 3}
      propertyPath: m_LocalRotation.z
      value: -0
      objectReference: {fileID: 0}
    - target: {fileID: 400000, guid: 199e154733792694b8bad77e19896abf, type: 3}
      propertyPath: m_LocalRotation.w
      value: 0.99777204
      objectReference: {fileID: 0}
    - target: {fileID: 400000, guid: 199e154733792694b8bad77e19896abf, type: 3}
      propertyPath: m_RootOrder
      value: 2
      objectReference: {fileID: 0}
    - target: {fileID: 400000, guid: 199e154733792694b8bad77e19896abf, type: 3}
      propertyPath: m_LocalEulerAnglesHint.x
      value: 0
      objectReference: {fileID: 0}
    - target: {fileID: 400000, guid: 199e154733792694b8bad77e19896abf, type: 3}
      propertyPath: m_LocalEulerAnglesHint.y
      value: -7.6510005
      objectReference: {fileID: 0}
    - target: {fileID: 400000, guid: 199e154733792694b8bad77e19896abf, type: 3}
      propertyPath: m_LocalEulerAnglesHint.z
      value: 0
      objectReference: {fileID: 0}
    m_RemovedComponents: []
  m_SourcePrefab: {fileID: 100100000, guid: 199e154733792694b8bad77e19896abf, type: 3}
--- !u!1001 &3281278704176932211
PrefabInstance:
  m_ObjectHideFlags: 0
  serializedVersion: 2
  m_Modification:
    m_TransformParent: {fileID: 4995083511441426072}
    m_Modifications:
    - target: {fileID: 100000, guid: 6bcdcdd1dbbf4ad4aa6bb9c08e5c4118, type: 3}
      propertyPath: m_Name
      value: fi_vil_forge_stool1
      objectReference: {fileID: 0}
    - target: {fileID: 400000, guid: 6bcdcdd1dbbf4ad4aa6bb9c08e5c4118, type: 3}
      propertyPath: m_LocalPosition.x
      value: 1.37
      objectReference: {fileID: 0}
    - target: {fileID: 400000, guid: 6bcdcdd1dbbf4ad4aa6bb9c08e5c4118, type: 3}
      propertyPath: m_LocalPosition.y
      value: 0
      objectReference: {fileID: 0}
    - target: {fileID: 400000, guid: 6bcdcdd1dbbf4ad4aa6bb9c08e5c4118, type: 3}
      propertyPath: m_LocalPosition.z
      value: 1.339
      objectReference: {fileID: 0}
    - target: {fileID: 400000, guid: 6bcdcdd1dbbf4ad4aa6bb9c08e5c4118, type: 3}
      propertyPath: m_LocalRotation.x
      value: -0
      objectReference: {fileID: 0}
    - target: {fileID: 400000, guid: 6bcdcdd1dbbf4ad4aa6bb9c08e5c4118, type: 3}
      propertyPath: m_LocalRotation.y
      value: -0.34660193
      objectReference: {fileID: 0}
    - target: {fileID: 400000, guid: 6bcdcdd1dbbf4ad4aa6bb9c08e5c4118, type: 3}
      propertyPath: m_LocalRotation.z
      value: -0
      objectReference: {fileID: 0}
    - target: {fileID: 400000, guid: 6bcdcdd1dbbf4ad4aa6bb9c08e5c4118, type: 3}
      propertyPath: m_LocalRotation.w
      value: 0.9380123
      objectReference: {fileID: 0}
    - target: {fileID: 400000, guid: 6bcdcdd1dbbf4ad4aa6bb9c08e5c4118, type: 3}
      propertyPath: m_RootOrder
      value: 3
      objectReference: {fileID: 0}
    - target: {fileID: 400000, guid: 6bcdcdd1dbbf4ad4aa6bb9c08e5c4118, type: 3}
      propertyPath: m_LocalEulerAnglesHint.x
      value: 0
      objectReference: {fileID: 0}
    - target: {fileID: 400000, guid: 6bcdcdd1dbbf4ad4aa6bb9c08e5c4118, type: 3}
      propertyPath: m_LocalEulerAnglesHint.y
      value: -40.559002
      objectReference: {fileID: 0}
    - target: {fileID: 400000, guid: 6bcdcdd1dbbf4ad4aa6bb9c08e5c4118, type: 3}
      propertyPath: m_LocalEulerAnglesHint.z
      value: 0
      objectReference: {fileID: 0}
    m_RemovedComponents: []
  m_SourcePrefab: {fileID: 100100000, guid: 6bcdcdd1dbbf4ad4aa6bb9c08e5c4118, type: 3}
--- !u!4 &3281278704176807923 stripped
Transform:
  m_CorrespondingSourceObject: {fileID: 400000, guid: 6bcdcdd1dbbf4ad4aa6bb9c08e5c4118,
    type: 3}
  m_PrefabInstance: {fileID: 3281278704176932211}
  m_PrefabAsset: {fileID: 0}
--- !u!1001 &4242474084347935705
PrefabInstance:
  m_ObjectHideFlags: 0
  serializedVersion: 2
  m_Modification:
    m_TransformParent: {fileID: 4995083511441426072}
    m_Modifications:
    - target: {fileID: 174698, guid: f370b4e171b3664449049490b1f88f6d, type: 3}
      propertyPath: m_Name
      value: fe_vil_crate_10b
      objectReference: {fileID: 0}
    - target: {fileID: 456402, guid: f370b4e171b3664449049490b1f88f6d, type: 3}
      propertyPath: m_LocalPosition.x
      value: 3.065
      objectReference: {fileID: 0}
    - target: {fileID: 456402, guid: f370b4e171b3664449049490b1f88f6d, type: 3}
      propertyPath: m_LocalPosition.y
      value: 0
      objectReference: {fileID: 0}
    - target: {fileID: 456402, guid: f370b4e171b3664449049490b1f88f6d, type: 3}
      propertyPath: m_LocalPosition.z
      value: 0.467
      objectReference: {fileID: 0}
    - target: {fileID: 456402, guid: f370b4e171b3664449049490b1f88f6d, type: 3}
      propertyPath: m_LocalRotation.x
      value: -0
      objectReference: {fileID: 0}
    - target: {fileID: 456402, guid: f370b4e171b3664449049490b1f88f6d, type: 3}
      propertyPath: m_LocalRotation.y
      value: -0.09522346
      objectReference: {fileID: 0}
    - target: {fileID: 456402, guid: f370b4e171b3664449049490b1f88f6d, type: 3}
      propertyPath: m_LocalRotation.z
      value: -0
      objectReference: {fileID: 0}
    - target: {fileID: 456402, guid: f370b4e171b3664449049490b1f88f6d, type: 3}
      propertyPath: m_LocalRotation.w
      value: 0.9954559
      objectReference: {fileID: 0}
    - target: {fileID: 456402, guid: f370b4e171b3664449049490b1f88f6d, type: 3}
      propertyPath: m_RootOrder
      value: 6
      objectReference: {fileID: 0}
    - target: {fileID: 456402, guid: f370b4e171b3664449049490b1f88f6d, type: 3}
      propertyPath: m_LocalEulerAnglesHint.x
      value: 0
      objectReference: {fileID: 0}
    - target: {fileID: 456402, guid: f370b4e171b3664449049490b1f88f6d, type: 3}
      propertyPath: m_LocalEulerAnglesHint.y
      value: -10.928
      objectReference: {fileID: 0}
    - target: {fileID: 456402, guid: f370b4e171b3664449049490b1f88f6d, type: 3}
      propertyPath: m_LocalEulerAnglesHint.z
      value: 0
      objectReference: {fileID: 0}
    m_RemovedComponents: []
  m_SourcePrefab: {fileID: 100100000, guid: f370b4e171b3664449049490b1f88f6d, type: 3}
--- !u!4 &4242474084348005643 stripped
Transform:
  m_CorrespondingSourceObject: {fileID: 456402, guid: f370b4e171b3664449049490b1f88f6d,
    type: 3}
  m_PrefabInstance: {fileID: 4242474084347935705}
  m_PrefabAsset: {fileID: 0}
--- !u!1001 &4297451446039436130
PrefabInstance:
  m_ObjectHideFlags: 0
  serializedVersion: 2
  m_Modification:
    m_TransformParent: {fileID: 4995083511441426072}
    m_Modifications:
    - target: {fileID: 186656, guid: 0f65588b9943f8347a3700bc279c7758, type: 3}
      propertyPath: m_Name
      value: fe_vil_crate_02f
      objectReference: {fileID: 0}
    - target: {fileID: 427094, guid: 0f65588b9943f8347a3700bc279c7758, type: 3}
      propertyPath: m_LocalPosition.x
      value: 2.883
      objectReference: {fileID: 0}
    - target: {fileID: 427094, guid: 0f65588b9943f8347a3700bc279c7758, type: 3}
      propertyPath: m_LocalPosition.y
      value: 0
      objectReference: {fileID: 0}
    - target: {fileID: 427094, guid: 0f65588b9943f8347a3700bc279c7758, type: 3}
      propertyPath: m_LocalPosition.z
      value: -0.20800018
      objectReference: {fileID: 0}
    - target: {fileID: 427094, guid: 0f65588b9943f8347a3700bc279c7758, type: 3}
      propertyPath: m_LocalRotation.x
      value: -0
      objectReference: {fileID: 0}
    - target: {fileID: 427094, guid: 0f65588b9943f8347a3700bc279c7758, type: 3}
      propertyPath: m_LocalRotation.y
      value: 0.095610455
      objectReference: {fileID: 0}
    - target: {fileID: 427094, guid: 0f65588b9943f8347a3700bc279c7758, type: 3}
      propertyPath: m_LocalRotation.z
      value: -0
      objectReference: {fileID: 0}
    - target: {fileID: 427094, guid: 0f65588b9943f8347a3700bc279c7758, type: 3}
      propertyPath: m_LocalRotation.w
      value: 0.99541885
      objectReference: {fileID: 0}
    - target: {fileID: 427094, guid: 0f65588b9943f8347a3700bc279c7758, type: 3}
      propertyPath: m_RootOrder
      value: 4
      objectReference: {fileID: 0}
    - target: {fileID: 427094, guid: 0f65588b9943f8347a3700bc279c7758, type: 3}
      propertyPath: m_LocalEulerAnglesHint.x
      value: 0
      objectReference: {fileID: 0}
    - target: {fileID: 427094, guid: 0f65588b9943f8347a3700bc279c7758, type: 3}
      propertyPath: m_LocalEulerAnglesHint.y
      value: 10.973001
      objectReference: {fileID: 0}
    - target: {fileID: 427094, guid: 0f65588b9943f8347a3700bc279c7758, type: 3}
      propertyPath: m_LocalEulerAnglesHint.z
      value: 0
      objectReference: {fileID: 0}
    m_RemovedComponents: []
  m_SourcePrefab: {fileID: 100100000, guid: 0f65588b9943f8347a3700bc279c7758, type: 3}
--- !u!4 &4297451446039600948 stripped
Transform:
  m_CorrespondingSourceObject: {fileID: 427094, guid: 0f65588b9943f8347a3700bc279c7758,
    type: 3}
  m_PrefabInstance: {fileID: 4297451446039436130}
  m_PrefabAsset: {fileID: 0}
--- !u!1001 &4352357419780848132
PrefabInstance:
  m_ObjectHideFlags: 0
  serializedVersion: 2
  m_Modification:
    m_TransformParent: {fileID: 2422361340231326163}
    m_Modifications:
    - target: {fileID: 100000, guid: da45b56e8f7e6ca499f3a6dbc32fd9f0, type: 3}
      propertyPath: m_Name
      value: fi_vil_library_scroll01b
      objectReference: {fileID: 0}
    - target: {fileID: 400000, guid: da45b56e8f7e6ca499f3a6dbc32fd9f0, type: 3}
      propertyPath: m_LocalPosition.x
      value: 1.7358642
      objectReference: {fileID: 0}
    - target: {fileID: 400000, guid: da45b56e8f7e6ca499f3a6dbc32fd9f0, type: 3}
      propertyPath: m_LocalPosition.y
      value: 0.90208685
      objectReference: {fileID: 0}
    - target: {fileID: 400000, guid: da45b56e8f7e6ca499f3a6dbc32fd9f0, type: 3}
      propertyPath: m_LocalPosition.z
      value: 1.0296507
      objectReference: {fileID: 0}
    - target: {fileID: 400000, guid: da45b56e8f7e6ca499f3a6dbc32fd9f0, type: 3}
      propertyPath: m_LocalRotation.x
      value: -0
      objectReference: {fileID: 0}
    - target: {fileID: 400000, guid: da45b56e8f7e6ca499f3a6dbc32fd9f0, type: 3}
      propertyPath: m_LocalRotation.y
      value: 0.7887258
      objectReference: {fileID: 0}
    - target: {fileID: 400000, guid: da45b56e8f7e6ca499f3a6dbc32fd9f0, type: 3}
      propertyPath: m_LocalRotation.z
      value: -0
      objectReference: {fileID: 0}
    - target: {fileID: 400000, guid: da45b56e8f7e6ca499f3a6dbc32fd9f0, type: 3}
      propertyPath: m_LocalRotation.w
      value: 0.61474514
      objectReference: {fileID: 0}
    - target: {fileID: 400000, guid: da45b56e8f7e6ca499f3a6dbc32fd9f0, type: 3}
      propertyPath: m_RootOrder
      value: 8
      objectReference: {fileID: 0}
    - target: {fileID: 400000, guid: da45b56e8f7e6ca499f3a6dbc32fd9f0, type: 3}
      propertyPath: m_LocalEulerAnglesHint.x
      value: 0
      objectReference: {fileID: 0}
    - target: {fileID: 400000, guid: da45b56e8f7e6ca499f3a6dbc32fd9f0, type: 3}
      propertyPath: m_LocalEulerAnglesHint.y
      value: 104.133
      objectReference: {fileID: 0}
    - target: {fileID: 400000, guid: da45b56e8f7e6ca499f3a6dbc32fd9f0, type: 3}
      propertyPath: m_LocalEulerAnglesHint.z
      value: 0
      objectReference: {fileID: 0}
    m_RemovedComponents: []
  m_SourcePrefab: {fileID: 100100000, guid: da45b56e8f7e6ca499f3a6dbc32fd9f0, type: 3}
--- !u!1001 &4756804317070603268
PrefabInstance:
  m_ObjectHideFlags: 0
  serializedVersion: 2
  m_Modification:
    m_TransformParent: {fileID: 6504026629133312413}
    m_Modifications:
    - target: {fileID: 100000, guid: 8d44f667a504d9f4cbdef18d7eb83a71, type: 3}
      propertyPath: m_Name
      value: fi_vil_library_scrolls_pile2
      objectReference: {fileID: 0}
    - target: {fileID: 400000, guid: 8d44f667a504d9f4cbdef18d7eb83a71, type: 3}
      propertyPath: m_LocalPosition.x
      value: -2.0333357
      objectReference: {fileID: 0}
    - target: {fileID: 400000, guid: 8d44f667a504d9f4cbdef18d7eb83a71, type: 3}
      propertyPath: m_LocalPosition.y
      value: 0.90208685
      objectReference: {fileID: 0}
    - target: {fileID: 400000, guid: 8d44f667a504d9f4cbdef18d7eb83a71, type: 3}
      propertyPath: m_LocalPosition.z
      value: -0.65343785
      objectReference: {fileID: 0}
    - target: {fileID: 400000, guid: 8d44f667a504d9f4cbdef18d7eb83a71, type: 3}
      propertyPath: m_LocalRotation.x
      value: -0
      objectReference: {fileID: 0}
    - target: {fileID: 400000, guid: 8d44f667a504d9f4cbdef18d7eb83a71, type: 3}
      propertyPath: m_LocalRotation.y
      value: 0.6698261
      objectReference: {fileID: 0}
    - target: {fileID: 400000, guid: 8d44f667a504d9f4cbdef18d7eb83a71, type: 3}
      propertyPath: m_LocalRotation.z
      value: -0
      objectReference: {fileID: 0}
    - target: {fileID: 400000, guid: 8d44f667a504d9f4cbdef18d7eb83a71, type: 3}
      propertyPath: m_LocalRotation.w
      value: 0.74251807
      objectReference: {fileID: 0}
    - target: {fileID: 400000, guid: 8d44f667a504d9f4cbdef18d7eb83a71, type: 3}
      propertyPath: m_RootOrder
      value: 3
      objectReference: {fileID: 0}
    - target: {fileID: 400000, guid: 8d44f667a504d9f4cbdef18d7eb83a71, type: 3}
      propertyPath: m_LocalEulerAnglesHint.x
      value: 0
      objectReference: {fileID: 0}
    - target: {fileID: 400000, guid: 8d44f667a504d9f4cbdef18d7eb83a71, type: 3}
      propertyPath: m_LocalEulerAnglesHint.y
      value: 96.170006
      objectReference: {fileID: 0}
    - target: {fileID: 400000, guid: 8d44f667a504d9f4cbdef18d7eb83a71, type: 3}
      propertyPath: m_LocalEulerAnglesHint.z
      value: 0
      objectReference: {fileID: 0}
    m_RemovedComponents: []
  m_SourcePrefab: {fileID: 100100000, guid: 8d44f667a504d9f4cbdef18d7eb83a71, type: 3}
--- !u!1001 &4995083512649290494
PrefabInstance:
  m_ObjectHideFlags: 0
  serializedVersion: 2
  m_Modification:
    m_TransformParent: {fileID: 4995083511955797670}
    m_Modifications:
    - target: {fileID: 112598, guid: 9e7cdb8dccf725e4db272fb3b2820eb8, type: 3}
      propertyPath: m_Name
      value: fe_vil_mkt_can_green_medium01c
      objectReference: {fileID: 0}
    - target: {fileID: 458756, guid: 9e7cdb8dccf725e4db272fb3b2820eb8, type: 3}
      propertyPath: m_LocalPosition.x
      value: 0.2
      objectReference: {fileID: 0}
    - target: {fileID: 458756, guid: 9e7cdb8dccf725e4db272fb3b2820eb8, type: 3}
      propertyPath: m_LocalPosition.y
      value: 0
      objectReference: {fileID: 0}
    - target: {fileID: 458756, guid: 9e7cdb8dccf725e4db272fb3b2820eb8, type: 3}
      propertyPath: m_LocalPosition.z
      value: 0
      objectReference: {fileID: 0}
    - target: {fileID: 458756, guid: 9e7cdb8dccf725e4db272fb3b2820eb8, type: 3}
      propertyPath: m_LocalRotation.x
      value: -0
      objectReference: {fileID: 0}
    - target: {fileID: 458756, guid: 9e7cdb8dccf725e4db272fb3b2820eb8, type: 3}
      propertyPath: m_LocalRotation.y
      value: -0
      objectReference: {fileID: 0}
    - target: {fileID: 458756, guid: 9e7cdb8dccf725e4db272fb3b2820eb8, type: 3}
      propertyPath: m_LocalRotation.z
      value: -0
      objectReference: {fileID: 0}
    - target: {fileID: 458756, guid: 9e7cdb8dccf725e4db272fb3b2820eb8, type: 3}
      propertyPath: m_LocalRotation.w
      value: 1
      objectReference: {fileID: 0}
    - target: {fileID: 458756, guid: 9e7cdb8dccf725e4db272fb3b2820eb8, type: 3}
      propertyPath: m_RootOrder
      value: 0
      objectReference: {fileID: 0}
    - target: {fileID: 458756, guid: 9e7cdb8dccf725e4db272fb3b2820eb8, type: 3}
      propertyPath: m_LocalEulerAnglesHint.x
      value: 0
      objectReference: {fileID: 0}
    - target: {fileID: 458756, guid: 9e7cdb8dccf725e4db272fb3b2820eb8, type: 3}
      propertyPath: m_LocalEulerAnglesHint.y
      value: 0
      objectReference: {fileID: 0}
    - target: {fileID: 458756, guid: 9e7cdb8dccf725e4db272fb3b2820eb8, type: 3}
      propertyPath: m_LocalEulerAnglesHint.z
      value: 0
      objectReference: {fileID: 0}
    m_RemovedComponents: []
  m_SourcePrefab: {fileID: 100100000, guid: 9e7cdb8dccf725e4db272fb3b2820eb8, type: 3}
--- !u!4 &4995083512648831738 stripped
Transform:
  m_CorrespondingSourceObject: {fileID: 458756, guid: 9e7cdb8dccf725e4db272fb3b2820eb8,
    type: 3}
  m_PrefabInstance: {fileID: 4995083512649290494}
  m_PrefabAsset: {fileID: 0}
--- !u!1001 &5797522987529914485
PrefabInstance:
  m_ObjectHideFlags: 0
  serializedVersion: 2
  m_Modification:
    m_TransformParent: {fileID: 4995083511441426072}
    m_Modifications:
    - target: {fileID: 100010, guid: 31e6227a273b1484d9f09c24db10cb8d, type: 3}
      propertyPath: m_Name
      value: fi_vil_library_bookshelf_02b
      objectReference: {fileID: 0}
    - target: {fileID: 400010, guid: 31e6227a273b1484d9f09c24db10cb8d, type: 3}
      propertyPath: m_LocalPosition.x
      value: 0.404
      objectReference: {fileID: 0}
    - target: {fileID: 400010, guid: 31e6227a273b1484d9f09c24db10cb8d, type: 3}
      propertyPath: m_LocalPosition.y
      value: 0
      objectReference: {fileID: 0}
    - target: {fileID: 400010, guid: 31e6227a273b1484d9f09c24db10cb8d, type: 3}
      propertyPath: m_LocalPosition.z
      value: 1.1860006
      objectReference: {fileID: 0}
    - target: {fileID: 400010, guid: 31e6227a273b1484d9f09c24db10cb8d, type: 3}
      propertyPath: m_LocalRotation.x
      value: -0
      objectReference: {fileID: 0}
    - target: {fileID: 400010, guid: 31e6227a273b1484d9f09c24db10cb8d, type: 3}
      propertyPath: m_LocalRotation.y
      value: -0
      objectReference: {fileID: 0}
    - target: {fileID: 400010, guid: 31e6227a273b1484d9f09c24db10cb8d, type: 3}
      propertyPath: m_LocalRotation.z
      value: -0
      objectReference: {fileID: 0}
    - target: {fileID: 400010, guid: 31e6227a273b1484d9f09c24db10cb8d, type: 3}
      propertyPath: m_LocalRotation.w
      value: 1
      objectReference: {fileID: 0}
    - target: {fileID: 400010, guid: 31e6227a273b1484d9f09c24db10cb8d, type: 3}
      propertyPath: m_RootOrder
      value: 2
      objectReference: {fileID: 0}
    - target: {fileID: 400010, guid: 31e6227a273b1484d9f09c24db10cb8d, type: 3}
      propertyPath: m_LocalEulerAnglesHint.x
      value: 0
      objectReference: {fileID: 0}
    - target: {fileID: 400010, guid: 31e6227a273b1484d9f09c24db10cb8d, type: 3}
      propertyPath: m_LocalEulerAnglesHint.y
      value: 0
      objectReference: {fileID: 0}
    - target: {fileID: 400010, guid: 31e6227a273b1484d9f09c24db10cb8d, type: 3}
      propertyPath: m_LocalEulerAnglesHint.z
      value: 0
      objectReference: {fileID: 0}
    m_RemovedComponents: []
  m_SourcePrefab: {fileID: 100100000, guid: 31e6227a273b1484d9f09c24db10cb8d, type: 3}
--- !u!4 &5797522987530310399 stripped
Transform:
  m_CorrespondingSourceObject: {fileID: 400010, guid: 31e6227a273b1484d9f09c24db10cb8d,
    type: 3}
  m_PrefabInstance: {fileID: 5797522987529914485}
  m_PrefabAsset: {fileID: 0}
--- !u!1001 &6466247040408287243
PrefabInstance:
  m_ObjectHideFlags: 0
  serializedVersion: 2
  m_Modification:
    m_TransformParent: {fileID: 6504026629133312413}
    m_Modifications:
    - target: {fileID: 100000, guid: 4ece566064823ec47b42ce3a2439cc66, type: 3}
      propertyPath: m_Name
      value: fi_vil_library_map05
      objectReference: {fileID: 0}
    - target: {fileID: 400000, guid: 4ece566064823ec47b42ce3a2439cc66, type: 3}
      propertyPath: m_LocalPosition.x
      value: -1.6968303
      objectReference: {fileID: 0}
    - target: {fileID: 400000, guid: 4ece566064823ec47b42ce3a2439cc66, type: 3}
      propertyPath: m_LocalPosition.y
      value: 0.90208685
      objectReference: {fileID: 0}
    - target: {fileID: 400000, guid: 4ece566064823ec47b42ce3a2439cc66, type: 3}
      propertyPath: m_LocalPosition.z
      value: -0.2757753
      objectReference: {fileID: 0}
    - target: {fileID: 400000, guid: 4ece566064823ec47b42ce3a2439cc66, type: 3}
      propertyPath: m_LocalRotation.x
      value: -0
      objectReference: {fileID: 0}
    - target: {fileID: 400000, guid: 4ece566064823ec47b42ce3a2439cc66, type: 3}
      propertyPath: m_LocalRotation.y
      value: 0.5827091
      objectReference: {fileID: 0}
    - target: {fileID: 400000, guid: 4ece566064823ec47b42ce3a2439cc66, type: 3}
      propertyPath: m_LocalRotation.z
      value: -0
      objectReference: {fileID: 0}
    - target: {fileID: 400000, guid: 4ece566064823ec47b42ce3a2439cc66, type: 3}
      propertyPath: m_LocalRotation.w
      value: 0.81268084
      objectReference: {fileID: 0}
    - target: {fileID: 400000, guid: 4ece566064823ec47b42ce3a2439cc66, type: 3}
      propertyPath: m_RootOrder
      value: 0
      objectReference: {fileID: 0}
    - target: {fileID: 400000, guid: 4ece566064823ec47b42ce3a2439cc66, type: 3}
      propertyPath: m_LocalEulerAnglesHint.x
      value: 0
      objectReference: {fileID: 0}
    - target: {fileID: 400000, guid: 4ece566064823ec47b42ce3a2439cc66, type: 3}
      propertyPath: m_LocalEulerAnglesHint.y
      value: 83.345
      objectReference: {fileID: 0}
    - target: {fileID: 400000, guid: 4ece566064823ec47b42ce3a2439cc66, type: 3}
      propertyPath: m_LocalEulerAnglesHint.z
      value: 0
      objectReference: {fileID: 0}
    m_RemovedComponents: []
  m_SourcePrefab: {fileID: 100100000, guid: 4ece566064823ec47b42ce3a2439cc66, type: 3}
--- !u!1001 &6504026629133187869
PrefabInstance:
  m_ObjectHideFlags: 0
  serializedVersion: 2
  m_Modification:
    m_TransformParent: {fileID: 4995083511441426072}
    m_Modifications:
    - target: {fileID: 100000, guid: ab5e6db91193a8d4790642113974a46a, type: 3}
      propertyPath: m_Name
      value: fi_vil_furniture_table02_02
      objectReference: {fileID: 0}
    - target: {fileID: 400000, guid: ab5e6db91193a8d4790642113974a46a, type: 3}
      propertyPath: m_LocalPosition.x
      value: 2.6469955
      objectReference: {fileID: 0}
    - target: {fileID: 400000, guid: ab5e6db91193a8d4790642113974a46a, type: 3}
      propertyPath: m_LocalPosition.y
      value: 0
      objectReference: {fileID: 0}
    - target: {fileID: 400000, guid: ab5e6db91193a8d4790642113974a46a, type: 3}
      propertyPath: m_LocalPosition.z
      value: 0.22507858
      objectReference: {fileID: 0}
    - target: {fileID: 400000, guid: ab5e6db91193a8d4790642113974a46a, type: 3}
      propertyPath: m_LocalRotation.x
      value: -0
      objectReference: {fileID: 0}
    - target: {fileID: 400000, guid: ab5e6db91193a8d4790642113974a46a, type: 3}
      propertyPath: m_LocalRotation.y
      value: 0.10507287
      objectReference: {fileID: 0}
    - target: {fileID: 400000, guid: ab5e6db91193a8d4790642113974a46a, type: 3}
      propertyPath: m_LocalRotation.z
      value: -0
      objectReference: {fileID: 0}
    - target: {fileID: 400000, guid: ab5e6db91193a8d4790642113974a46a, type: 3}
      propertyPath: m_LocalRotation.w
      value: 0.9944646
      objectReference: {fileID: 0}
    - target: {fileID: 400000, guid: ab5e6db91193a8d4790642113974a46a, type: 3}
      propertyPath: m_RootOrder
      value: 0
      objectReference: {fileID: 0}
    - target: {fileID: 400000, guid: ab5e6db91193a8d4790642113974a46a, type: 3}
      propertyPath: m_LocalEulerAnglesHint.x
      value: 0
      objectReference: {fileID: 0}
    - target: {fileID: 400000, guid: ab5e6db91193a8d4790642113974a46a, type: 3}
      propertyPath: m_LocalEulerAnglesHint.y
      value: 12.063001
      objectReference: {fileID: 0}
    - target: {fileID: 400000, guid: ab5e6db91193a8d4790642113974a46a, type: 3}
      propertyPath: m_LocalEulerAnglesHint.z
      value: 0
      objectReference: {fileID: 0}
    m_RemovedComponents: []
  m_SourcePrefab: {fileID: 100100000, guid: ab5e6db91193a8d4790642113974a46a, type: 3}
--- !u!4 &6504026629133312413 stripped
Transform:
  m_CorrespondingSourceObject: {fileID: 400000, guid: ab5e6db91193a8d4790642113974a46a,
    type: 3}
  m_PrefabInstance: {fileID: 6504026629133187869}
  m_PrefabAsset: {fileID: 0}
--- !u!1001 &6544246185993963801
PrefabInstance:
  m_ObjectHideFlags: 0
  serializedVersion: 2
  m_Modification:
    m_TransformParent: {fileID: 2422361340231326163}
    m_Modifications:
    - target: {fileID: 100000, guid: 96bf12cc5444d064ab635c355a854192, type: 3}
      propertyPath: m_Name
      value: fi_vil_library_scroll02b
      objectReference: {fileID: 0}
    - target: {fileID: 400000, guid: 96bf12cc5444d064ab635c355a854192, type: 3}
      propertyPath: m_LocalPosition.x
      value: 1.7813234
      objectReference: {fileID: 0}
    - target: {fileID: 400000, guid: 96bf12cc5444d064ab635c355a854192, type: 3}
      propertyPath: m_LocalPosition.y
      value: 0.90208685
      objectReference: {fileID: 0}
    - target: {fileID: 400000, guid: 96bf12cc5444d064ab635c355a854192, type: 3}
      propertyPath: m_LocalPosition.z
      value: 1.3655567
      objectReference: {fileID: 0}
    - target: {fileID: 400000, guid: 96bf12cc5444d064ab635c355a854192, type: 3}
      propertyPath: m_LocalRotation.x
      value: -0
      objectReference: {fileID: 0}
    - target: {fileID: 400000, guid: 96bf12cc5444d064ab635c355a854192, type: 3}
      propertyPath: m_LocalRotation.y
      value: 0.055836953
      objectReference: {fileID: 0}
    - target: {fileID: 400000, guid: 96bf12cc5444d064ab635c355a854192, type: 3}
      propertyPath: m_LocalRotation.z
      value: -0
      objectReference: {fileID: 0}
    - target: {fileID: 400000, guid: 96bf12cc5444d064ab635c355a854192, type: 3}
      propertyPath: m_LocalRotation.w
      value: 0.9984399
      objectReference: {fileID: 0}
    - target: {fileID: 400000, guid: 96bf12cc5444d064ab635c355a854192, type: 3}
      propertyPath: m_RootOrder
      value: 5
      objectReference: {fileID: 0}
    - target: {fileID: 400000, guid: 96bf12cc5444d064ab635c355a854192, type: 3}
      propertyPath: m_LocalEulerAnglesHint.x
      value: 0
      objectReference: {fileID: 0}
    - target: {fileID: 400000, guid: 96bf12cc5444d064ab635c355a854192, type: 3}
      propertyPath: m_LocalEulerAnglesHint.y
      value: 6.4020004
      objectReference: {fileID: 0}
    - target: {fileID: 400000, guid: 96bf12cc5444d064ab635c355a854192, type: 3}
      propertyPath: m_LocalEulerAnglesHint.z
      value: 0
      objectReference: {fileID: 0}
    m_RemovedComponents: []
  m_SourcePrefab: {fileID: 100100000, guid: 96bf12cc5444d064ab635c355a854192, type: 3}
--- !u!1001 &7221903775197126107
PrefabInstance:
  m_ObjectHideFlags: 0
  serializedVersion: 2
  m_Modification:
    m_TransformParent: {fileID: 4995083511441426072}
    m_Modifications:
    - target: {fileID: 193746, guid: cb0a2b3069fd54b4c8d3f6155e455e27, type: 3}
      propertyPath: m_Name
      value: fe_vil_crate_04f
      objectReference: {fileID: 0}
    - target: {fileID: 484978, guid: cb0a2b3069fd54b4c8d3f6155e455e27, type: 3}
      propertyPath: m_LocalPosition.x
      value: 0.964
      objectReference: {fileID: 0}
    - target: {fileID: 484978, guid: cb0a2b3069fd54b4c8d3f6155e455e27, type: 3}
      propertyPath: m_LocalPosition.y
      value: 0
      objectReference: {fileID: 0}
    - target: {fileID: 484978, guid: cb0a2b3069fd54b4c8d3f6155e455e27, type: 3}
      propertyPath: m_LocalPosition.z
      value: -0.65499973
      objectReference: {fileID: 0}
    - target: {fileID: 484978, guid: cb0a2b3069fd54b4c8d3f6155e455e27, type: 3}
      propertyPath: m_LocalRotation.x
      value: -0
      objectReference: {fileID: 0}
    - target: {fileID: 484978, guid: cb0a2b3069fd54b4c8d3f6155e455e27, type: 3}
      propertyPath: m_LocalRotation.y
      value: -0.66132605
      objectReference: {fileID: 0}
    - target: {fileID: 484978, guid: cb0a2b3069fd54b4c8d3f6155e455e27, type: 3}
      propertyPath: m_LocalRotation.z
      value: -0
      objectReference: {fileID: 0}
    - target: {fileID: 484978, guid: cb0a2b3069fd54b4c8d3f6155e455e27, type: 3}
      propertyPath: m_LocalRotation.w
      value: 0.7500986
      objectReference: {fileID: 0}
    - target: {fileID: 484978, guid: cb0a2b3069fd54b4c8d3f6155e455e27, type: 3}
      propertyPath: m_RootOrder
      value: 5
      objectReference: {fileID: 0}
    - target: {fileID: 484978, guid: cb0a2b3069fd54b4c8d3f6155e455e27, type: 3}
      propertyPath: m_LocalEulerAnglesHint.x
      value: 0
      objectReference: {fileID: 0}
    - target: {fileID: 484978, guid: cb0a2b3069fd54b4c8d3f6155e455e27, type: 3}
      propertyPath: m_LocalEulerAnglesHint.y
      value: -82.802
      objectReference: {fileID: 0}
    - target: {fileID: 484978, guid: cb0a2b3069fd54b4c8d3f6155e455e27, type: 3}
      propertyPath: m_LocalEulerAnglesHint.z
      value: 0
      objectReference: {fileID: 0}
    m_RemovedComponents: []
  m_SourcePrefab: {fileID: 100100000, guid: cb0a2b3069fd54b4c8d3f6155e455e27, type: 3}
--- !u!4 &7221903775196920745 stripped
Transform:
  m_CorrespondingSourceObject: {fileID: 484978, guid: cb0a2b3069fd54b4c8d3f6155e455e27,
    type: 3}
  m_PrefabInstance: {fileID: 7221903775197126107}
  m_PrefabAsset: {fileID: 0}
--- !u!1001 &7253046346528375718
PrefabInstance:
  m_ObjectHideFlags: 0
  serializedVersion: 2
  m_Modification:
    m_TransformParent: {fileID: 2422361340231326163}
    m_Modifications:
    - target: {fileID: 100000, guid: 6bcdcdd1dbbf4ad4aa6bb9c08e5c4118, type: 3}
      propertyPath: m_Name
      value: fi_vil_forge_stool1
      objectReference: {fileID: 0}
    - target: {fileID: 400000, guid: 6bcdcdd1dbbf4ad4aa6bb9c08e5c4118, type: 3}
      propertyPath: m_LocalPosition.x
      value: 1.2332066
      objectReference: {fileID: 0}
    - target: {fileID: 400000, guid: 6bcdcdd1dbbf4ad4aa6bb9c08e5c4118, type: 3}
      propertyPath: m_LocalPosition.y
      value: 0
      objectReference: {fileID: 0}
    - target: {fileID: 400000, guid: 6bcdcdd1dbbf4ad4aa6bb9c08e5c4118, type: 3}
      propertyPath: m_LocalPosition.z
      value: -0.6400006
      objectReference: {fileID: 0}
    - target: {fileID: 400000, guid: 6bcdcdd1dbbf4ad4aa6bb9c08e5c4118, type: 3}
      propertyPath: m_LocalRotation.x
      value: -0
      objectReference: {fileID: 0}
    - target: {fileID: 400000, guid: 6bcdcdd1dbbf4ad4aa6bb9c08e5c4118, type: 3}
      propertyPath: m_LocalRotation.y
      value: -0.76192397
      objectReference: {fileID: 0}
    - target: {fileID: 400000, guid: 6bcdcdd1dbbf4ad4aa6bb9c08e5c4118, type: 3}
      propertyPath: m_LocalRotation.z
      value: -0
      objectReference: {fileID: 0}
    - target: {fileID: 400000, guid: 6bcdcdd1dbbf4ad4aa6bb9c08e5c4118, type: 3}
      propertyPath: m_LocalRotation.w
      value: 0.6476665
      objectReference: {fileID: 0}
    - target: {fileID: 400000, guid: 6bcdcdd1dbbf4ad4aa6bb9c08e5c4118, type: 3}
      propertyPath: m_RootOrder
      value: 0
      objectReference: {fileID: 0}
    - target: {fileID: 400000, guid: 6bcdcdd1dbbf4ad4aa6bb9c08e5c4118, type: 3}
      propertyPath: m_LocalEulerAnglesHint.x
      value: 0
      objectReference: {fileID: 0}
    - target: {fileID: 400000, guid: 6bcdcdd1dbbf4ad4aa6bb9c08e5c4118, type: 3}
      propertyPath: m_LocalEulerAnglesHint.y
      value: -99.268005
      objectReference: {fileID: 0}
    - target: {fileID: 400000, guid: 6bcdcdd1dbbf4ad4aa6bb9c08e5c4118, type: 3}
      propertyPath: m_LocalEulerAnglesHint.z
      value: 0
      objectReference: {fileID: 0}
    m_RemovedComponents: []
  m_SourcePrefab: {fileID: 100100000, guid: 6bcdcdd1dbbf4ad4aa6bb9c08e5c4118, type: 3}
--- !u!1001 &7270587814507535946
PrefabInstance:
  m_ObjectHideFlags: 0
  serializedVersion: 2
  m_Modification:
    m_TransformParent: {fileID: 2422361340231326163}
    m_Modifications:
    - target: {fileID: 100000, guid: 5cc2d802885259a48bba47f83f4889eb, type: 3}
      propertyPath: m_Name
      value: fi_vil_library_book_open08
      objectReference: {fileID: 0}
    - target: {fileID: 400000, guid: 5cc2d802885259a48bba47f83f4889eb, type: 3}
      propertyPath: m_LocalPosition.x
      value: 2.2539628
      objectReference: {fileID: 0}
    - target: {fileID: 400000, guid: 5cc2d802885259a48bba47f83f4889eb, type: 3}
      propertyPath: m_LocalPosition.y
      value: 0.90208894
      objectReference: {fileID: 0}
    - target: {fileID: 400000, guid: 5cc2d802885259a48bba47f83f4889eb, type: 3}
      propertyPath: m_LocalPosition.z
      value: 0.64032173
      objectReference: {fileID: 0}
    - target: {fileID: 400000, guid: 5cc2d802885259a48bba47f83f4889eb, type: 3}
      propertyPath: m_LocalRotation.x
      value: -0
      objectReference: {fileID: 0}
    - target: {fileID: 400000, guid: 5cc2d802885259a48bba47f83f4889eb, type: 3}
      propertyPath: m_LocalRotation.y
      value: -0.09522346
      objectReference: {fileID: 0}
    - target: {fileID: 400000, guid: 5cc2d802885259a48bba47f83f4889eb, type: 3}
      propertyPath: m_LocalRotation.z
      value: -0
      objectReference: {fileID: 0}
    - target: {fileID: 400000, guid: 5cc2d802885259a48bba47f83f4889eb, type: 3}
      propertyPath: m_LocalRotation.w
      value: 0.9954559
      objectReference: {fileID: 0}
    - target: {fileID: 400000, guid: 5cc2d802885259a48bba47f83f4889eb, type: 3}
      propertyPath: m_RootOrder
      value: 6
      objectReference: {fileID: 0}
    - target: {fileID: 400000, guid: 5cc2d802885259a48bba47f83f4889eb, type: 3}
      propertyPath: m_LocalEulerAnglesHint.x
      value: 0
      objectReference: {fileID: 0}
    - target: {fileID: 400000, guid: 5cc2d802885259a48bba47f83f4889eb, type: 3}
      propertyPath: m_LocalEulerAnglesHint.y
      value: -10.928
      objectReference: {fileID: 0}
    - target: {fileID: 400000, guid: 5cc2d802885259a48bba47f83f4889eb, type: 3}
      propertyPath: m_LocalEulerAnglesHint.z
      value: 0
      objectReference: {fileID: 0}
    m_RemovedComponents: []
  m_SourcePrefab: {fileID: 100100000, guid: 5cc2d802885259a48bba47f83f4889eb, type: 3}
--- !u!1001 &7539591612816322731
PrefabInstance:
  m_ObjectHideFlags: 0
  serializedVersion: 2
  m_Modification:
    m_TransformParent: {fileID: 6504026629133312413}
    m_Modifications:
    - target: {fileID: 100000, guid: b0eaf0bfa1185cf44939aca66164ecd7, type: 3}
      propertyPath: m_Name
      value: fi_vil_library_map02
      objectReference: {fileID: 0}
    - target: {fileID: 400000, guid: b0eaf0bfa1185cf44939aca66164ecd7, type: 3}
      propertyPath: m_LocalPosition.x
      value: -1.4485228
      objectReference: {fileID: 0}
    - target: {fileID: 400000, guid: b0eaf0bfa1185cf44939aca66164ecd7, type: 3}
      propertyPath: m_LocalPosition.y
      value: 0.911
      objectReference: {fileID: 0}
    - target: {fileID: 400000, guid: b0eaf0bfa1185cf44939aca66164ecd7, type: 3}
      propertyPath: m_LocalPosition.z
      value: -0.8730727
      objectReference: {fileID: 0}
    - target: {fileID: 400000, guid: b0eaf0bfa1185cf44939aca66164ecd7, type: 3}
      propertyPath: m_LocalRotation.x
      value: -0
      objectReference: {fileID: 0}
    - target: {fileID: 400000, guid: b0eaf0bfa1185cf44939aca66164ecd7, type: 3}
      propertyPath: m_LocalRotation.y
      value: -0.38158253
      objectReference: {fileID: 0}
    - target: {fileID: 400000, guid: b0eaf0bfa1185cf44939aca66164ecd7, type: 3}
      propertyPath: m_LocalRotation.z
      value: -0
      objectReference: {fileID: 0}
    - target: {fileID: 400000, guid: b0eaf0bfa1185cf44939aca66164ecd7, type: 3}
      propertyPath: m_LocalRotation.w
      value: 0.92433476
      objectReference: {fileID: 0}
    - target: {fileID: 400000, guid: b0eaf0bfa1185cf44939aca66164ecd7, type: 3}
      propertyPath: m_RootOrder
      value: 1
      objectReference: {fileID: 0}
    - target: {fileID: 400000, guid: b0eaf0bfa1185cf44939aca66164ecd7, type: 3}
      propertyPath: m_LocalEulerAnglesHint.x
      value: 0
      objectReference: {fileID: 0}
    - target: {fileID: 400000, guid: b0eaf0bfa1185cf44939aca66164ecd7, type: 3}
      propertyPath: m_LocalEulerAnglesHint.y
      value: -32.801003
      objectReference: {fileID: 0}
    - target: {fileID: 400000, guid: b0eaf0bfa1185cf44939aca66164ecd7, type: 3}
      propertyPath: m_LocalEulerAnglesHint.z
      value: 0
      objectReference: {fileID: 0}
    m_RemovedComponents: []
  m_SourcePrefab: {fileID: 100100000, guid: b0eaf0bfa1185cf44939aca66164ecd7, type: 3}
--- !u!1001 &8087154513319946202
PrefabInstance:
  m_ObjectHideFlags: 0
  serializedVersion: 2
  m_Modification:
    m_TransformParent: {fileID: 2422361340231326163}
    m_Modifications:
    - target: {fileID: 100000, guid: 068518100f58e4843804610395a593b0, type: 3}
      propertyPath: m_Name
      value: fi_vil_library_scroll08a
      objectReference: {fileID: 0}
    - target: {fileID: 400000, guid: 068518100f58e4843804610395a593b0, type: 3}
      propertyPath: m_LocalPosition.x
      value: 1.5923471
      objectReference: {fileID: 0}
    - target: {fileID: 400000, guid: 068518100f58e4843804610395a593b0, type: 3}
      propertyPath: m_LocalPosition.y
      value: 0.90208685
      objectReference: {fileID: 0}
    - target: {fileID: 400000, guid: 068518100f58e4843804610395a593b0, type: 3}
      propertyPath: m_LocalPosition.z
      value: 0.083880424
      objectReference: {fileID: 0}
    - target: {fileID: 400000, guid: 068518100f58e4843804610395a593b0, type: 3}
      propertyPath: m_LocalRotation.x
      value: -0
      objectReference: {fileID: 0}
    - target: {fileID: 400000, guid: 068518100f58e4843804610395a593b0, type: 3}
      propertyPath: m_LocalRotation.y
      value: -0.09522346
      objectReference: {fileID: 0}
    - target: {fileID: 400000, guid: 068518100f58e4843804610395a593b0, type: 3}
      propertyPath: m_LocalRotation.z
      value: -0
      objectReference: {fileID: 0}
    - target: {fileID: 400000, guid: 068518100f58e4843804610395a593b0, type: 3}
      propertyPath: m_LocalRotation.w
      value: 0.9954559
      objectReference: {fileID: 0}
    - target: {fileID: 400000, guid: 068518100f58e4843804610395a593b0, type: 3}
      propertyPath: m_RootOrder
      value: 3
      objectReference: {fileID: 0}
    - target: {fileID: 400000, guid: 068518100f58e4843804610395a593b0, type: 3}
      propertyPath: m_LocalEulerAnglesHint.x
      value: 0
      objectReference: {fileID: 0}
    - target: {fileID: 400000, guid: 068518100f58e4843804610395a593b0, type: 3}
      propertyPath: m_LocalEulerAnglesHint.y
      value: -10.928
      objectReference: {fileID: 0}
    - target: {fileID: 400000, guid: 068518100f58e4843804610395a593b0, type: 3}
      propertyPath: m_LocalEulerAnglesHint.z
      value: 0
      objectReference: {fileID: 0}
    m_RemovedComponents: []
  m_SourcePrefab: {fileID: 100100000, guid: 068518100f58e4843804610395a593b0, type: 3}
--- !u!1001 &8408937305014209722
PrefabInstance:
  m_ObjectHideFlags: 0
  serializedVersion: 2
  m_Modification:
    m_TransformParent: {fileID: 2422361340231326163}
    m_Modifications:
    - target: {fileID: 100000, guid: a7aa38ff6051d224fb825c02f209f777, type: 3}
      propertyPath: m_Name
      value: fi_vil_library_scroll12e
      objectReference: {fileID: 0}
    - target: {fileID: 400000, guid: a7aa38ff6051d224fb825c02f209f777, type: 3}
      propertyPath: m_LocalPosition.x
      value: 2.0117745
      objectReference: {fileID: 0}
    - target: {fileID: 400000, guid: a7aa38ff6051d224fb825c02f209f777, type: 3}
      propertyPath: m_LocalPosition.y
      value: 0.9020869
      objectReference: {fileID: 0}
    - target: {fileID: 400000, guid: a7aa38ff6051d224fb825c02f209f777, type: 3}
      propertyPath: m_LocalPosition.z
      value: 0.03276348
      objectReference: {fileID: 0}
    - target: {fileID: 400000, guid: a7aa38ff6051d224fb825c02f209f777, type: 3}
      propertyPath: m_LocalRotation.x
      value: -0
      objectReference: {fileID: 0}
    - target: {fileID: 400000, guid: a7aa38ff6051d224fb825c02f209f777, type: 3}
      propertyPath: m_LocalRotation.y
      value: 0.9995875
      objectReference: {fileID: 0}
    - target: {fileID: 400000, guid: a7aa38ff6051d224fb825c02f209f777, type: 3}
      propertyPath: m_LocalRotation.z
      value: -0
      objectReference: {fileID: 0}
    - target: {fileID: 400000, guid: a7aa38ff6051d224fb825c02f209f777, type: 3}
      propertyPath: m_LocalRotation.w
      value: -0.028720692
      objectReference: {fileID: 0}
    - target: {fileID: 400000, guid: a7aa38ff6051d224fb825c02f209f777, type: 3}
      propertyPath: m_RootOrder
      value: 1
      objectReference: {fileID: 0}
    - target: {fileID: 400000, guid: a7aa38ff6051d224fb825c02f209f777, type: 3}
      propertyPath: m_LocalEulerAnglesHint.x
      value: 0
      objectReference: {fileID: 0}
    - target: {fileID: 400000, guid: a7aa38ff6051d224fb825c02f209f777, type: 3}
      propertyPath: m_LocalEulerAnglesHint.y
      value: 183.29199
      objectReference: {fileID: 0}
    - target: {fileID: 400000, guid: a7aa38ff6051d224fb825c02f209f777, type: 3}
      propertyPath: m_LocalEulerAnglesHint.z
      value: 0
      objectReference: {fileID: 0}
    m_RemovedComponents: []
  m_SourcePrefab: {fileID: 100100000, guid: a7aa38ff6051d224fb825c02f209f777, type: 3}
--- !u!1001 &8527015171871207146
PrefabInstance:
  m_ObjectHideFlags: 0
  serializedVersion: 2
  m_Modification:
    m_TransformParent: {fileID: 6504026629133312413}
    m_Modifications:
    - target: {fileID: 100000, guid: f06b0aca4ce6b9b4c8933360ba84ca02, type: 3}
      propertyPath: m_Name
      value: fi_vil_library_map01
      objectReference: {fileID: 0}
    - target: {fileID: 400000, guid: f06b0aca4ce6b9b4c8933360ba84ca02, type: 3}
      propertyPath: m_LocalPosition.x
      value: -1.574207
      objectReference: {fileID: 0}
    - target: {fileID: 400000, guid: f06b0aca4ce6b9b4c8933360ba84ca02, type: 3}
      propertyPath: m_LocalPosition.y
      value: 0.90208685
      objectReference: {fileID: 0}
    - target: {fileID: 400000, guid: f06b0aca4ce6b9b4c8933360ba84ca02, type: 3}
      propertyPath: m_LocalPosition.z
      value: -1.5625616
      objectReference: {fileID: 0}
    - target: {fileID: 400000, guid: f06b0aca4ce6b9b4c8933360ba84ca02, type: 3}
      propertyPath: m_LocalRotation.x
      value: -0
      objectReference: {fileID: 0}
    - target: {fileID: 400000, guid: f06b0aca4ce6b9b4c8933360ba84ca02, type: 3}
      propertyPath: m_LocalRotation.y
      value: 0.76934934
      objectReference: {fileID: 0}
    - target: {fileID: 400000, guid: f06b0aca4ce6b9b4c8933360ba84ca02, type: 3}
      propertyPath: m_LocalRotation.z
      value: -0
      objectReference: {fileID: 0}
    - target: {fileID: 400000, guid: f06b0aca4ce6b9b4c8933360ba84ca02, type: 3}
      propertyPath: m_LocalRotation.w
      value: 0.63882834
      objectReference: {fileID: 0}
    - target: {fileID: 400000, guid: f06b0aca4ce6b9b4c8933360ba84ca02, type: 3}
      propertyPath: m_RootOrder
      value: 2
      objectReference: {fileID: 0}
    - target: {fileID: 400000, guid: f06b0aca4ce6b9b4c8933360ba84ca02, type: 3}
      propertyPath: m_LocalEulerAnglesHint.x
      value: 0
      objectReference: {fileID: 0}
    - target: {fileID: 400000, guid: f06b0aca4ce6b9b4c8933360ba84ca02, type: 3}
      propertyPath: m_LocalEulerAnglesHint.y
      value: 112.65401
      objectReference: {fileID: 0}
    - target: {fileID: 400000, guid: f06b0aca4ce6b9b4c8933360ba84ca02, type: 3}
      propertyPath: m_LocalEulerAnglesHint.z
      value: 0
      objectReference: {fileID: 0}
    m_RemovedComponents: []
  m_SourcePrefab: {fileID: 100100000, guid: f06b0aca4ce6b9b4c8933360ba84ca02, type: 3}
