%YAML 1.1
%TAG !u! tag:unity3d.com,2011:
--- !u!1 &5395934692583028559
GameObject:
  m_ObjectHideFlags: 0
  m_CorrespondingSourceObject: {fileID: 0}
  m_PrefabInstance: {fileID: 0}
  m_PrefabAsset: {fileID: 0}
  serializedVersion: 6
  m_Component:
  - component: {fileID: 5395934692583028556}
  m_Layer: 0
  m_Name: Cartographer02_w
  m_TagString: Untagged
  m_Icon: {fileID: 0}
  m_NavMeshLayer: 0
  m_StaticEditorFlags: 0
  m_IsActive: 1
--- !u!4 &5395934692583028556
Transform:
  m_ObjectHideFlags: 0
  m_CorrespondingSourceObject: {fileID: 0}
  m_PrefabInstance: {fileID: 0}
  m_PrefabAsset: {fileID: 0}
  m_GameObject: {fileID: 5395934692583028559}
  m_LocalRotation: {x: 0, y: 0, z: 0, w: 1}
  m_LocalPosition: {x: 0, y: 0, z: 0}
  m_LocalScale: {x: 1, y: 1, z: 1}
  m_Children:
  - {fileID: 4190808344099052133}
  - {fileID: 5395934693817029002}
  m_Father: {fileID: 0}
  m_RootOrder: 0
  m_LocalEulerAnglesHint: {x: 0, y: 0, z: 0}
--- !u!1 &5395934693817029005
GameObject:
  m_ObjectHideFlags: 0
  m_CorrespondingSourceObject: {fileID: 0}
  m_PrefabInstance: {fileID: 0}
  m_PrefabAsset: {fileID: 0}
  serializedVersion: 6
  m_Component:
  - component: {fileID: 5395934693817029002}
  m_Layer: 0
  m_Name: Props
  m_TagString: Untagged
  m_Icon: {fileID: 0}
  m_NavMeshLayer: 0
  m_StaticEditorFlags: 0
  m_IsActive: 1
--- !u!4 &5395934693817029002
Transform:
  m_ObjectHideFlags: 0
  m_CorrespondingSourceObject: {fileID: 0}
  m_PrefabInstance: {fileID: 0}
  m_PrefabAsset: {fileID: 0}
  m_GameObject: {fileID: 5395934693817029005}
  m_LocalRotation: {x: -0, y: -0, z: -0, w: 1}
  m_LocalPosition: {x: 0, y: 0, z: 0}
  m_LocalScale: {x: 1, y: 1, z: 1}
  m_Children:
  - {fileID: 7953549500609942281}
  - {fileID: 8089055531904754981}
  - {fileID: 6131235048668737671}
  - {fileID: 1483521097657681741}
  - {fileID: 334182419902794822}
  - {fileID: 2862358804625146836}
  - {fileID: 1818414682942487289}
  - {fileID: 886925800783313078}
  - {fileID: 5850784368572081463}
  - {fileID: 2538818144921308942}
  - {fileID: 3979164167601199928}
  - {fileID: 1147074206053340053}
  - {fileID: 7479392636070501342}
  - {fileID: 3610849394299448267}
  m_Father: {fileID: 5395934692583028556}
  m_RootOrder: 1
  m_LocalEulerAnglesHint: {x: 0, y: 0, z: 0}
--- !u!1001 &334182419902666438
PrefabInstance:
  m_ObjectHideFlags: 0
  serializedVersion: 2
  m_Modification:
    m_TransformParent: {fileID: 5395934693817029002}
    m_Modifications:
    - target: {fileID: 100000, guid: 6bcdcdd1dbbf4ad4aa6bb9c08e5c4118, type: 3}
      propertyPath: m_Name
      value: fi_vil_forge_stool1
      objectReference: {fileID: 0}
    - target: {fileID: 100000, guid: 6bcdcdd1dbbf4ad4aa6bb9c08e5c4118, type: 3}
      propertyPath: m_IsActive
      value: 1
      objectReference: {fileID: 0}
    - target: {fileID: 400000, guid: 6bcdcdd1dbbf4ad4aa6bb9c08e5c4118, type: 3}
      propertyPath: m_LocalPosition.x
      value: 1.415
      objectReference: {fileID: 0}
    - target: {fileID: 400000, guid: 6bcdcdd1dbbf4ad4aa6bb9c08e5c4118, type: 3}
      propertyPath: m_LocalPosition.y
      value: 0
      objectReference: {fileID: 0}
    - target: {fileID: 400000, guid: 6bcdcdd1dbbf4ad4aa6bb9c08e5c4118, type: 3}
      propertyPath: m_LocalPosition.z
      value: -0.481
      objectReference: {fileID: 0}
    - target: {fileID: 400000, guid: 6bcdcdd1dbbf4ad4aa6bb9c08e5c4118, type: 3}
      propertyPath: m_LocalRotation.x
      value: -0
      objectReference: {fileID: 0}
    - target: {fileID: 400000, guid: 6bcdcdd1dbbf4ad4aa6bb9c08e5c4118, type: 3}
      propertyPath: m_LocalRotation.y
      value: -0.39273813
      objectReference: {fileID: 0}
    - target: {fileID: 400000, guid: 6bcdcdd1dbbf4ad4aa6bb9c08e5c4118, type: 3}
      propertyPath: m_LocalRotation.z
      value: -0
      objectReference: {fileID: 0}
    - target: {fileID: 400000, guid: 6bcdcdd1dbbf4ad4aa6bb9c08e5c4118, type: 3}
      propertyPath: m_LocalRotation.w
      value: 0.9196504
      objectReference: {fileID: 0}
    - target: {fileID: 400000, guid: 6bcdcdd1dbbf4ad4aa6bb9c08e5c4118, type: 3}
      propertyPath: m_RootOrder
      value: 4
      objectReference: {fileID: 0}
    - target: {fileID: 400000, guid: 6bcdcdd1dbbf4ad4aa6bb9c08e5c4118, type: 3}
      propertyPath: m_LocalEulerAnglesHint.x
      value: 0
      objectReference: {fileID: 0}
    - target: {fileID: 400000, guid: 6bcdcdd1dbbf4ad4aa6bb9c08e5c4118, type: 3}
      propertyPath: m_LocalEulerAnglesHint.y
      value: -46.250004
      objectReference: {fileID: 0}
    - target: {fileID: 400000, guid: 6bcdcdd1dbbf4ad4aa6bb9c08e5c4118, type: 3}
      propertyPath: m_LocalEulerAnglesHint.z
      value: 0
      objectReference: {fileID: 0}
    m_RemovedComponents: []
  m_SourcePrefab: {fileID: 100100000, guid: 6bcdcdd1dbbf4ad4aa6bb9c08e5c4118, type: 3}
--- !u!4 &334182419902794822 stripped
Transform:
  m_CorrespondingSourceObject: {fileID: 400000, guid: 6bcdcdd1dbbf4ad4aa6bb9c08e5c4118,
    type: 3}
  m_PrefabInstance: {fileID: 334182419902666438}
  m_PrefabAsset: {fileID: 0}
--- !u!1001 &341778095867304437
PrefabInstance:
  m_ObjectHideFlags: 0
  serializedVersion: 2
  m_Modification:
    m_TransformParent: {fileID: 6131235048668737671}
    m_Modifications:
    - target: {fileID: 100000, guid: da45b56e8f7e6ca499f3a6dbc32fd9f0, type: 3}
      propertyPath: m_Name
      value: fi_vil_library_scroll01b
      objectReference: {fileID: 0}
    - target: {fileID: 400000, guid: da45b56e8f7e6ca499f3a6dbc32fd9f0, type: 3}
      propertyPath: m_LocalPosition.x
      value: -0.3165964
      objectReference: {fileID: 0}
    - target: {fileID: 400000, guid: da45b56e8f7e6ca499f3a6dbc32fd9f0, type: 3}
      propertyPath: m_LocalPosition.y
      value: 0.90208685
      objectReference: {fileID: 0}
    - target: {fileID: 400000, guid: da45b56e8f7e6ca499f3a6dbc32fd9f0, type: 3}
      propertyPath: m_LocalPosition.z
      value: -0.43087563
      objectReference: {fileID: 0}
    - target: {fileID: 400000, guid: da45b56e8f7e6ca499f3a6dbc32fd9f0, type: 3}
      propertyPath: m_LocalRotation.x
      value: -0
      objectReference: {fileID: 0}
    - target: {fileID: 400000, guid: da45b56e8f7e6ca499f3a6dbc32fd9f0, type: 3}
      propertyPath: m_LocalRotation.y
      value: -0.015922353
      objectReference: {fileID: 0}
    - target: {fileID: 400000, guid: da45b56e8f7e6ca499f3a6dbc32fd9f0, type: 3}
      propertyPath: m_LocalRotation.z
      value: -0
      objectReference: {fileID: 0}
    - target: {fileID: 400000, guid: da45b56e8f7e6ca499f3a6dbc32fd9f0, type: 3}
      propertyPath: m_LocalRotation.w
      value: 0.9998733
      objectReference: {fileID: 0}
    - target: {fileID: 400000, guid: da45b56e8f7e6ca499f3a6dbc32fd9f0, type: 3}
      propertyPath: m_RootOrder
      value: 3
      objectReference: {fileID: 0}
    - target: {fileID: 400000, guid: da45b56e8f7e6ca499f3a6dbc32fd9f0, type: 3}
      propertyPath: m_LocalEulerAnglesHint.x
      value: 0
      objectReference: {fileID: 0}
    - target: {fileID: 400000, guid: da45b56e8f7e6ca499f3a6dbc32fd9f0, type: 3}
      propertyPath: m_LocalEulerAnglesHint.y
      value: 21.166
      objectReference: {fileID: 0}
    - target: {fileID: 400000, guid: da45b56e8f7e6ca499f3a6dbc32fd9f0, type: 3}
      propertyPath: m_LocalEulerAnglesHint.z
      value: 0
      objectReference: {fileID: 0}
    m_RemovedComponents: []
  m_SourcePrefab: {fileID: 100100000, guid: da45b56e8f7e6ca499f3a6dbc32fd9f0, type: 3}
--- !u!1001 &885308376271481136
PrefabInstance:
  m_ObjectHideFlags: 0
  serializedVersion: 2
  m_Modification:
    m_TransformParent: {fileID: 8089055531904754981}
    m_Modifications:
    - target: {fileID: 100000, guid: b0eaf0bfa1185cf44939aca66164ecd7, type: 3}
      propertyPath: m_Name
      value: fi_vil_library_map02
      objectReference: {fileID: 0}
    - target: {fileID: 400000, guid: b0eaf0bfa1185cf44939aca66164ecd7, type: 3}
      propertyPath: m_LocalPosition.x
      value: -0.22784257
      objectReference: {fileID: 0}
    - target: {fileID: 400000, guid: b0eaf0bfa1185cf44939aca66164ecd7, type: 3}
      propertyPath: m_LocalPosition.y
      value: 0.9020868
      objectReference: {fileID: 0}
    - target: {fileID: 400000, guid: b0eaf0bfa1185cf44939aca66164ecd7, type: 3}
      propertyPath: m_LocalPosition.z
      value: -0.26566458
      objectReference: {fileID: 0}
    - target: {fileID: 400000, guid: b0eaf0bfa1185cf44939aca66164ecd7, type: 3}
      propertyPath: m_LocalRotation.x
      value: -0
      objectReference: {fileID: 0}
    - target: {fileID: 400000, guid: b0eaf0bfa1185cf44939aca66164ecd7, type: 3}
      propertyPath: m_LocalRotation.y
      value: -0
      objectReference: {fileID: 0}
    - target: {fileID: 400000, guid: b0eaf0bfa1185cf44939aca66164ecd7, type: 3}
      propertyPath: m_LocalRotation.z
      value: -0
      objectReference: {fileID: 0}
    - target: {fileID: 400000, guid: b0eaf0bfa1185cf44939aca66164ecd7, type: 3}
      propertyPath: m_LocalRotation.w
      value: 1
      objectReference: {fileID: 0}
    - target: {fileID: 400000, guid: b0eaf0bfa1185cf44939aca66164ecd7, type: 3}
      propertyPath: m_RootOrder
      value: 1
      objectReference: {fileID: 0}
    - target: {fileID: 400000, guid: b0eaf0bfa1185cf44939aca66164ecd7, type: 3}
      propertyPath: m_LocalEulerAnglesHint.x
      value: 0
      objectReference: {fileID: 0}
    - target: {fileID: 400000, guid: b0eaf0bfa1185cf44939aca66164ecd7, type: 3}
      propertyPath: m_LocalEulerAnglesHint.y
      value: 0
      objectReference: {fileID: 0}
    - target: {fileID: 400000, guid: b0eaf0bfa1185cf44939aca66164ecd7, type: 3}
      propertyPath: m_LocalEulerAnglesHint.z
      value: 0
      objectReference: {fileID: 0}
    m_RemovedComponents: []
  m_SourcePrefab: {fileID: 100100000, guid: b0eaf0bfa1185cf44939aca66164ecd7, type: 3}
--- !u!1001 &886925800783740128
PrefabInstance:
  m_ObjectHideFlags: 0
  serializedVersion: 2
  m_Modification:
    m_TransformParent: {fileID: 5395934693817029002}
    m_Modifications:
    - target: {fileID: 186656, guid: 0f65588b9943f8347a3700bc279c7758, type: 3}
      propertyPath: m_Name
      value: fe_vil_crate_02f
      objectReference: {fileID: 0}
    - target: {fileID: 427094, guid: 0f65588b9943f8347a3700bc279c7758, type: 3}
      propertyPath: m_LocalPosition.x
      value: 2.895
      objectReference: {fileID: 0}
    - target: {fileID: 427094, guid: 0f65588b9943f8347a3700bc279c7758, type: 3}
      propertyPath: m_LocalPosition.y
      value: 0
      objectReference: {fileID: 0}
    - target: {fileID: 427094, guid: 0f65588b9943f8347a3700bc279c7758, type: 3}
      propertyPath: m_LocalPosition.z
      value: 1.05
      objectReference: {fileID: 0}
    - target: {fileID: 427094, guid: 0f65588b9943f8347a3700bc279c7758, type: 3}
      propertyPath: m_LocalRotation.x
      value: -0
      objectReference: {fileID: 0}
    - target: {fileID: 427094, guid: 0f65588b9943f8347a3700bc279c7758, type: 3}
      propertyPath: m_LocalRotation.y
      value: -0
      objectReference: {fileID: 0}
    - target: {fileID: 427094, guid: 0f65588b9943f8347a3700bc279c7758, type: 3}
      propertyPath: m_LocalRotation.z
      value: -0
      objectReference: {fileID: 0}
    - target: {fileID: 427094, guid: 0f65588b9943f8347a3700bc279c7758, type: 3}
      propertyPath: m_LocalRotation.w
      value: 1
      objectReference: {fileID: 0}
    - target: {fileID: 427094, guid: 0f65588b9943f8347a3700bc279c7758, type: 3}
      propertyPath: m_RootOrder
      value: 7
      objectReference: {fileID: 0}
    - target: {fileID: 427094, guid: 0f65588b9943f8347a3700bc279c7758, type: 3}
      propertyPath: m_LocalEulerAnglesHint.x
      value: 0
      objectReference: {fileID: 0}
    - target: {fileID: 427094, guid: 0f65588b9943f8347a3700bc279c7758, type: 3}
      propertyPath: m_LocalEulerAnglesHint.y
      value: 0
      objectReference: {fileID: 0}
    - target: {fileID: 427094, guid: 0f65588b9943f8347a3700bc279c7758, type: 3}
      propertyPath: m_LocalEulerAnglesHint.z
      value: 0
      objectReference: {fileID: 0}
    m_RemovedComponents: []
  m_SourcePrefab: {fileID: 100100000, guid: 0f65588b9943f8347a3700bc279c7758, type: 3}
--- !u!4 &886925800783313078 stripped
Transform:
  m_CorrespondingSourceObject: {fileID: 427094, guid: 0f65588b9943f8347a3700bc279c7758,
    type: 3}
  m_PrefabInstance: {fileID: 886925800783740128}
  m_PrefabAsset: {fileID: 0}
--- !u!1001 &1000915674876199064
PrefabInstance:
  m_ObjectHideFlags: 0
  serializedVersion: 2
  m_Modification:
    m_TransformParent: {fileID: 1483521097657681741}
    m_Modifications:
    - target: {fileID: 100000, guid: 4ece566064823ec47b42ce3a2439cc66, type: 3}
      propertyPath: m_Name
      value: fi_vil_library_map05
      objectReference: {fileID: 0}
    - target: {fileID: 400000, guid: 4ece566064823ec47b42ce3a2439cc66, type: 3}
      propertyPath: m_LocalPosition.x
      value: 0.18420666
      objectReference: {fileID: 0}
    - target: {fileID: 400000, guid: 4ece566064823ec47b42ce3a2439cc66, type: 3}
      propertyPath: m_LocalPosition.y
      value: 0.90208685
      objectReference: {fileID: 0}
    - target: {fileID: 400000, guid: 4ece566064823ec47b42ce3a2439cc66, type: 3}
      propertyPath: m_LocalPosition.z
      value: 0.73300004
      objectReference: {fileID: 0}
    - target: {fileID: 400000, guid: 4ece566064823ec47b42ce3a2439cc66, type: 3}
      propertyPath: m_LocalRotation.x
      value: -0
      objectReference: {fileID: 0}
    - target: {fileID: 400000, guid: 4ece566064823ec47b42ce3a2439cc66, type: 3}
      propertyPath: m_LocalRotation.y
      value: 0.6648742
      objectReference: {fileID: 0}
    - target: {fileID: 400000, guid: 4ece566064823ec47b42ce3a2439cc66, type: 3}
      propertyPath: m_LocalRotation.z
      value: -0
      objectReference: {fileID: 0}
    - target: {fileID: 400000, guid: 4ece566064823ec47b42ce3a2439cc66, type: 3}
      propertyPath: m_LocalRotation.w
      value: 0.74695534
      objectReference: {fileID: 0}
    - target: {fileID: 400000, guid: 4ece566064823ec47b42ce3a2439cc66, type: 3}
      propertyPath: m_RootOrder
      value: 0
      objectReference: {fileID: 0}
    - target: {fileID: 400000, guid: 4ece566064823ec47b42ce3a2439cc66, type: 3}
      propertyPath: m_LocalEulerAnglesHint.x
      value: 0
      objectReference: {fileID: 0}
    - target: {fileID: 400000, guid: 4ece566064823ec47b42ce3a2439cc66, type: 3}
      propertyPath: m_LocalEulerAnglesHint.y
      value: 83.345
      objectReference: {fileID: 0}
    - target: {fileID: 400000, guid: 4ece566064823ec47b42ce3a2439cc66, type: 3}
      propertyPath: m_LocalEulerAnglesHint.z
      value: 0
      objectReference: {fileID: 0}
    m_RemovedComponents: []
  m_SourcePrefab: {fileID: 100100000, guid: 4ece566064823ec47b42ce3a2439cc66, type: 3}
--- !u!1001 &1147074206053459271
PrefabInstance:
  m_ObjectHideFlags: 0
  serializedVersion: 2
  m_Modification:
    m_TransformParent: {fileID: 5395934693817029002}
    m_Modifications:
    - target: {fileID: 174698, guid: f370b4e171b3664449049490b1f88f6d, type: 3}
      propertyPath: m_Name
      value: fe_vil_crate_10b
      objectReference: {fileID: 0}
    - target: {fileID: 456402, guid: f370b4e171b3664449049490b1f88f6d, type: 3}
      propertyPath: m_LocalPosition.x
      value: 4.014
      objectReference: {fileID: 0}
    - target: {fileID: 456402, guid: f370b4e171b3664449049490b1f88f6d, type: 3}
      propertyPath: m_LocalPosition.y
      value: 0
      objectReference: {fileID: 0}
    - target: {fileID: 456402, guid: f370b4e171b3664449049490b1f88f6d, type: 3}
      propertyPath: m_LocalPosition.z
      value: 2.348
      objectReference: {fileID: 0}
    - target: {fileID: 456402, guid: f370b4e171b3664449049490b1f88f6d, type: 3}
      propertyPath: m_LocalRotation.x
      value: -0
      objectReference: {fileID: 0}
    - target: {fileID: 456402, guid: f370b4e171b3664449049490b1f88f6d, type: 3}
      propertyPath: m_LocalRotation.y
      value: -0
      objectReference: {fileID: 0}
    - target: {fileID: 456402, guid: f370b4e171b3664449049490b1f88f6d, type: 3}
      propertyPath: m_LocalRotation.z
      value: -0
      objectReference: {fileID: 0}
    - target: {fileID: 456402, guid: f370b4e171b3664449049490b1f88f6d, type: 3}
      propertyPath: m_LocalRotation.w
      value: 1
      objectReference: {fileID: 0}
    - target: {fileID: 456402, guid: f370b4e171b3664449049490b1f88f6d, type: 3}
      propertyPath: m_RootOrder
      value: 11
      objectReference: {fileID: 0}
    - target: {fileID: 456402, guid: f370b4e171b3664449049490b1f88f6d, type: 3}
      propertyPath: m_LocalEulerAnglesHint.x
      value: 0
      objectReference: {fileID: 0}
    - target: {fileID: 456402, guid: f370b4e171b3664449049490b1f88f6d, type: 3}
      propertyPath: m_LocalEulerAnglesHint.y
      value: 0
      objectReference: {fileID: 0}
    - target: {fileID: 456402, guid: f370b4e171b3664449049490b1f88f6d, type: 3}
      propertyPath: m_LocalEulerAnglesHint.z
      value: 0
      objectReference: {fileID: 0}
    m_RemovedComponents: []
  m_SourcePrefab: {fileID: 100100000, guid: f370b4e171b3664449049490b1f88f6d, type: 3}
--- !u!4 &1147074206053340053 stripped
Transform:
  m_CorrespondingSourceObject: {fileID: 456402, guid: f370b4e171b3664449049490b1f88f6d,
    type: 3}
  m_PrefabInstance: {fileID: 1147074206053459271}
  m_PrefabAsset: {fileID: 0}
--- !u!1001 &1423186836989810427
PrefabInstance:
  m_ObjectHideFlags: 0
  serializedVersion: 2
  m_Modification:
    m_TransformParent: {fileID: 6131235048668737671}
    m_Modifications:
    - target: {fileID: 100000, guid: 199e154733792694b8bad77e19896abf, type: 3}
      propertyPath: m_Name
      value: fi_vil_library_scroll11e
      objectReference: {fileID: 0}
    - target: {fileID: 400000, guid: 199e154733792694b8bad77e19896abf, type: 3}
      propertyPath: m_LocalPosition.x
      value: 0.03897162
      objectReference: {fileID: 0}
    - target: {fileID: 400000, guid: 199e154733792694b8bad77e19896abf, type: 3}
      propertyPath: m_LocalPosition.y
      value: 0.9020869
      objectReference: {fileID: 0}
    - target: {fileID: 400000, guid: 199e154733792694b8bad77e19896abf, type: 3}
      propertyPath: m_LocalPosition.z
      value: -0.0073631154
      objectReference: {fileID: 0}
    - target: {fileID: 400000, guid: 199e154733792694b8bad77e19896abf, type: 3}
      propertyPath: m_LocalRotation.x
      value: -0
      objectReference: {fileID: 0}
    - target: {fileID: 400000, guid: 199e154733792694b8bad77e19896abf, type: 3}
      propertyPath: m_LocalRotation.y
      value: -0.17118531
      objectReference: {fileID: 0}
    - target: {fileID: 400000, guid: 199e154733792694b8bad77e19896abf, type: 3}
      propertyPath: m_LocalRotation.z
      value: -0
      objectReference: {fileID: 0}
    - target: {fileID: 400000, guid: 199e154733792694b8bad77e19896abf, type: 3}
      propertyPath: m_LocalRotation.w
      value: 0.9852389
      objectReference: {fileID: 0}
    - target: {fileID: 400000, guid: 199e154733792694b8bad77e19896abf, type: 3}
      propertyPath: m_RootOrder
      value: 1
      objectReference: {fileID: 0}
    - target: {fileID: 400000, guid: 199e154733792694b8bad77e19896abf, type: 3}
      propertyPath: m_LocalEulerAnglesHint.x
      value: 0
      objectReference: {fileID: 0}
    - target: {fileID: 400000, guid: 199e154733792694b8bad77e19896abf, type: 3}
      propertyPath: m_LocalEulerAnglesHint.y
      value: 3.278
      objectReference: {fileID: 0}
    - target: {fileID: 400000, guid: 199e154733792694b8bad77e19896abf, type: 3}
      propertyPath: m_LocalEulerAnglesHint.z
      value: 0
      objectReference: {fileID: 0}
    m_RemovedComponents: []
  m_SourcePrefab: {fileID: 100100000, guid: 199e154733792694b8bad77e19896abf, type: 3}
--- !u!1001 &1483521097657294285
PrefabInstance:
  m_ObjectHideFlags: 0
  serializedVersion: 2
  m_Modification:
    m_TransformParent: {fileID: 5395934693817029002}
    m_Modifications:
    - target: {fileID: 100000, guid: 97edda68da74b0e4880be67d1d17e05a, type: 3}
      propertyPath: m_Name
      value: fi_vil_furniture_table02_03
      objectReference: {fileID: 0}
    - target: {fileID: 400000, guid: 97edda68da74b0e4880be67d1d17e05a, type: 3}
      propertyPath: m_LocalPosition.x
      value: 0.75879323
      objectReference: {fileID: 0}
    - target: {fileID: 400000, guid: 97edda68da74b0e4880be67d1d17e05a, type: 3}
      propertyPath: m_LocalPosition.y
      value: 0
      objectReference: {fileID: 0}
    - target: {fileID: 400000, guid: 97edda68da74b0e4880be67d1d17e05a, type: 3}
      propertyPath: m_LocalPosition.z
      value: -1.936
      objectReference: {fileID: 0}
    - target: {fileID: 400000, guid: 97edda68da74b0e4880be67d1d17e05a, type: 3}
      propertyPath: m_LocalRotation.x
      value: -0
      objectReference: {fileID: 0}
    - target: {fileID: 400000, guid: 97edda68da74b0e4880be67d1d17e05a, type: 3}
      propertyPath: m_LocalRotation.y
      value: -0
      objectReference: {fileID: 0}
    - target: {fileID: 400000, guid: 97edda68da74b0e4880be67d1d17e05a, type: 3}
      propertyPath: m_LocalRotation.z
      value: -0
      objectReference: {fileID: 0}
    - target: {fileID: 400000, guid: 97edda68da74b0e4880be67d1d17e05a, type: 3}
      propertyPath: m_LocalRotation.w
      value: 1
      objectReference: {fileID: 0}
    - target: {fileID: 400000, guid: 97edda68da74b0e4880be67d1d17e05a, type: 3}
      propertyPath: m_RootOrder
      value: 3
      objectReference: {fileID: 0}
    - target: {fileID: 400000, guid: 97edda68da74b0e4880be67d1d17e05a, type: 3}
      propertyPath: m_LocalEulerAnglesHint.x
      value: 0
      objectReference: {fileID: 0}
    - target: {fileID: 400000, guid: 97edda68da74b0e4880be67d1d17e05a, type: 3}
      propertyPath: m_LocalEulerAnglesHint.y
      value: 0
      objectReference: {fileID: 0}
    - target: {fileID: 400000, guid: 97edda68da74b0e4880be67d1d17e05a, type: 3}
      propertyPath: m_LocalEulerAnglesHint.z
      value: 0
      objectReference: {fileID: 0}
    m_RemovedComponents: []
  m_SourcePrefab: {fileID: 100100000, guid: 97edda68da74b0e4880be67d1d17e05a, type: 3}
--- !u!4 &1483521097657681741 stripped
Transform:
  m_CorrespondingSourceObject: {fileID: 400000, guid: 97edda68da74b0e4880be67d1d17e05a,
    type: 3}
  m_PrefabInstance: {fileID: 1483521097657294285}
  m_PrefabAsset: {fileID: 0}
--- !u!1001 &1818414682942349427
PrefabInstance:
  m_ObjectHideFlags: 0
  serializedVersion: 2
  m_Modification:
    m_TransformParent: {fileID: 5395934693817029002}
    m_Modifications:
    - target: {fileID: 100010, guid: bb2434c12cb80824e8de8c7eed369a27, type: 3}
      propertyPath: m_Name
      value: fi_vil_library_bookshelf_04b
      objectReference: {fileID: 0}
    - target: {fileID: 400010, guid: bb2434c12cb80824e8de8c7eed369a27, type: 3}
      propertyPath: m_LocalPosition.x
      value: 0.3669999
      objectReference: {fileID: 0}
    - target: {fileID: 400010, guid: bb2434c12cb80824e8de8c7eed369a27, type: 3}
      propertyPath: m_LocalPosition.y
      value: 0
      objectReference: {fileID: 0}
    - target: {fileID: 400010, guid: bb2434c12cb80824e8de8c7eed369a27, type: 3}
      propertyPath: m_LocalPosition.z
      value: -0.101
      objectReference: {fileID: 0}
    - target: {fileID: 400010, guid: bb2434c12cb80824e8de8c7eed369a27, type: 3}
      propertyPath: m_LocalRotation.x
      value: -0
      objectReference: {fileID: 0}
    - target: {fileID: 400010, guid: bb2434c12cb80824e8de8c7eed369a27, type: 3}
      propertyPath: m_LocalRotation.y
      value: -0
      objectReference: {fileID: 0}
    - target: {fileID: 400010, guid: bb2434c12cb80824e8de8c7eed369a27, type: 3}
      propertyPath: m_LocalRotation.z
      value: -0
      objectReference: {fileID: 0}
    - target: {fileID: 400010, guid: bb2434c12cb80824e8de8c7eed369a27, type: 3}
      propertyPath: m_LocalRotation.w
      value: 1
      objectReference: {fileID: 0}
    - target: {fileID: 400010, guid: bb2434c12cb80824e8de8c7eed369a27, type: 3}
      propertyPath: m_RootOrder
      value: 6
      objectReference: {fileID: 0}
    - target: {fileID: 400010, guid: bb2434c12cb80824e8de8c7eed369a27, type: 3}
      propertyPath: m_LocalEulerAnglesHint.x
      value: 0
      objectReference: {fileID: 0}
    - target: {fileID: 400010, guid: bb2434c12cb80824e8de8c7eed369a27, type: 3}
      propertyPath: m_LocalEulerAnglesHint.y
      value: 0
      objectReference: {fileID: 0}
    - target: {fileID: 400010, guid: bb2434c12cb80824e8de8c7eed369a27, type: 3}
      propertyPath: m_LocalEulerAnglesHint.z
      value: 0
      objectReference: {fileID: 0}
    m_RemovedComponents: []
  m_SourcePrefab: {fileID: 100100000, guid: bb2434c12cb80824e8de8c7eed369a27, type: 3}
--- !u!4 &1818414682942487289 stripped
Transform:
  m_CorrespondingSourceObject: {fileID: 400010, guid: bb2434c12cb80824e8de8c7eed369a27,
    type: 3}
  m_PrefabInstance: {fileID: 1818414682942349427}
  m_PrefabAsset: {fileID: 0}
--- !u!1001 &1842722365012303659
PrefabInstance:
  m_ObjectHideFlags: 0
  serializedVersion: 2
  m_Modification:
    m_TransformParent: {fileID: 6131235048668737671}
    m_Modifications:
    - target: {fileID: 100000, guid: 5cc2d802885259a48bba47f83f4889eb, type: 3}
      propertyPath: m_Name
      value: fi_vil_library_book_open08
      objectReference: {fileID: 0}
    - target: {fileID: 400000, guid: 5cc2d802885259a48bba47f83f4889eb, type: 3}
      propertyPath: m_LocalPosition.x
      value: 0.34659156
      objectReference: {fileID: 0}
    - target: {fileID: 400000, guid: 5cc2d802885259a48bba47f83f4889eb, type: 3}
      propertyPath: m_LocalPosition.y
      value: 0.90208894
      objectReference: {fileID: 0}
    - target: {fileID: 400000, guid: 5cc2d802885259a48bba47f83f4889eb, type: 3}
      propertyPath: m_LocalPosition.z
      value: 0.06613673
      objectReference: {fileID: 0}
    - target: {fileID: 400000, guid: 5cc2d802885259a48bba47f83f4889eb, type: 3}
      propertyPath: m_LocalRotation.x
      value: -0
      objectReference: {fileID: 0}
    - target: {fileID: 400000, guid: 5cc2d802885259a48bba47f83f4889eb, type: 3}
      propertyPath: m_LocalRotation.y
      value: -0.19929169
      objectReference: {fileID: 0}
    - target: {fileID: 400000, guid: 5cc2d802885259a48bba47f83f4889eb, type: 3}
      propertyPath: m_LocalRotation.z
      value: -0
      objectReference: {fileID: 0}
    - target: {fileID: 400000, guid: 5cc2d802885259a48bba47f83f4889eb, type: 3}
      propertyPath: m_LocalRotation.w
      value: 0.97994024
      objectReference: {fileID: 0}
    - target: {fileID: 400000, guid: 5cc2d802885259a48bba47f83f4889eb, type: 3}
      propertyPath: m_RootOrder
      value: 5
      objectReference: {fileID: 0}
    - target: {fileID: 400000, guid: 5cc2d802885259a48bba47f83f4889eb, type: 3}
      propertyPath: m_LocalEulerAnglesHint.x
      value: 0
      objectReference: {fileID: 0}
    - target: {fileID: 400000, guid: 5cc2d802885259a48bba47f83f4889eb, type: 3}
      propertyPath: m_LocalEulerAnglesHint.y
      value: 0
      objectReference: {fileID: 0}
    - target: {fileID: 400000, guid: 5cc2d802885259a48bba47f83f4889eb, type: 3}
      propertyPath: m_LocalEulerAnglesHint.z
      value: 0
      objectReference: {fileID: 0}
    m_RemovedComponents: []
  m_SourcePrefab: {fileID: 100100000, guid: 5cc2d802885259a48bba47f83f4889eb, type: 3}
--- !u!1001 &2248811010033959827
PrefabInstance:
  m_ObjectHideFlags: 0
  serializedVersion: 2
  m_Modification:
    m_TransformParent: {fileID: 8089055531904754981}
    m_Modifications:
    - target: {fileID: 100000, guid: f0909844f5689894e83b485f37a5bbae, type: 3}
      propertyPath: m_Name
      value: fi_vil_library_map03
      objectReference: {fileID: 0}
    - target: {fileID: 400000, guid: f0909844f5689894e83b485f37a5bbae, type: 3}
      propertyPath: m_LocalPosition.x
      value: -0.18817568
      objectReference: {fileID: 0}
    - target: {fileID: 400000, guid: f0909844f5689894e83b485f37a5bbae, type: 3}
      propertyPath: m_LocalPosition.y
      value: 0.916
      objectReference: {fileID: 0}
    - target: {fileID: 400000, guid: f0909844f5689894e83b485f37a5bbae, type: 3}
      propertyPath: m_LocalPosition.z
      value: 0.23000002
      objectReference: {fileID: 0}
    - target: {fileID: 400000, guid: f0909844f5689894e83b485f37a5bbae, type: 3}
      propertyPath: m_LocalRotation.x
      value: -0
      objectReference: {fileID: 0}
    - target: {fileID: 400000, guid: f0909844f5689894e83b485f37a5bbae, type: 3}
      propertyPath: m_LocalRotation.y
      value: 0.10433516
      objectReference: {fileID: 0}
    - target: {fileID: 400000, guid: f0909844f5689894e83b485f37a5bbae, type: 3}
      propertyPath: m_LocalRotation.z
      value: -0
      objectReference: {fileID: 0}
    - target: {fileID: 400000, guid: f0909844f5689894e83b485f37a5bbae, type: 3}
      propertyPath: m_LocalRotation.w
      value: 0.9945422
      objectReference: {fileID: 0}
    - target: {fileID: 400000, guid: f0909844f5689894e83b485f37a5bbae, type: 3}
      propertyPath: m_RootOrder
      value: 0
      objectReference: {fileID: 0}
    - target: {fileID: 400000, guid: f0909844f5689894e83b485f37a5bbae, type: 3}
      propertyPath: m_LocalEulerAnglesHint.x
      value: 0
      objectReference: {fileID: 0}
    - target: {fileID: 400000, guid: f0909844f5689894e83b485f37a5bbae, type: 3}
      propertyPath: m_LocalEulerAnglesHint.y
      value: 11.978001
      objectReference: {fileID: 0}
    - target: {fileID: 400000, guid: f0909844f5689894e83b485f37a5bbae, type: 3}
      propertyPath: m_LocalEulerAnglesHint.z
      value: 0
      objectReference: {fileID: 0}
    m_RemovedComponents: []
  m_SourcePrefab: {fileID: 100100000, guid: f0909844f5689894e83b485f37a5bbae, type: 3}
--- !u!1001 &2514276127573130405
PrefabInstance:
  m_ObjectHideFlags: 0
  serializedVersion: 2
  m_Modification:
    m_TransformParent: {fileID: 7953549500609942281}
    m_Modifications:
    - target: {fileID: 100000, guid: 5cc2d802885259a48bba47f83f4889eb, type: 3}
      propertyPath: m_Name
      value: fi_vil_library_book_open08
      objectReference: {fileID: 0}
    - target: {fileID: 400000, guid: 5cc2d802885259a48bba47f83f4889eb, type: 3}
      propertyPath: m_LocalPosition.x
      value: -0.14282075
      objectReference: {fileID: 0}
    - target: {fileID: 400000, guid: 5cc2d802885259a48bba47f83f4889eb, type: 3}
      propertyPath: m_LocalPosition.y
      value: 0.908
      objectReference: {fileID: 0}
    - target: {fileID: 400000, guid: 5cc2d802885259a48bba47f83f4889eb, type: 3}
      propertyPath: m_LocalPosition.z
      value: -0.55681866
      objectReference: {fileID: 0}
    - target: {fileID: 400000, guid: 5cc2d802885259a48bba47f83f4889eb, type: 3}
      propertyPath: m_LocalRotation.x
      value: -0
      objectReference: {fileID: 0}
    - target: {fileID: 400000, guid: 5cc2d802885259a48bba47f83f4889eb, type: 3}
      propertyPath: m_LocalRotation.y
      value: -0.15655784
      objectReference: {fileID: 0}
    - target: {fileID: 400000, guid: 5cc2d802885259a48bba47f83f4889eb, type: 3}
      propertyPath: m_LocalRotation.z
      value: -0
      objectReference: {fileID: 0}
    - target: {fileID: 400000, guid: 5cc2d802885259a48bba47f83f4889eb, type: 3}
      propertyPath: m_LocalRotation.w
      value: 0.9876689
      objectReference: {fileID: 0}
    - target: {fileID: 400000, guid: 5cc2d802885259a48bba47f83f4889eb, type: 3}
      propertyPath: m_RootOrder
      value: 1
      objectReference: {fileID: 0}
    - target: {fileID: 400000, guid: 5cc2d802885259a48bba47f83f4889eb, type: 3}
      propertyPath: m_LocalEulerAnglesHint.x
      value: 0
      objectReference: {fileID: 0}
    - target: {fileID: 400000, guid: 5cc2d802885259a48bba47f83f4889eb, type: 3}
      propertyPath: m_LocalEulerAnglesHint.y
      value: -27.810001
      objectReference: {fileID: 0}
    - target: {fileID: 400000, guid: 5cc2d802885259a48bba47f83f4889eb, type: 3}
      propertyPath: m_LocalEulerAnglesHint.z
      value: 0
      objectReference: {fileID: 0}
    m_RemovedComponents: []
  m_SourcePrefab: {fileID: 100100000, guid: 5cc2d802885259a48bba47f83f4889eb, type: 3}
--- !u!1001 &2538818144921619224
PrefabInstance:
  m_ObjectHideFlags: 0
  serializedVersion: 2
  m_Modification:
    m_TransformParent: {fileID: 5395934693817029002}
    m_Modifications:
    - target: {fileID: 168054, guid: 72da0a0737e4580458546f84d68def10, type: 3}
      propertyPath: m_Name
      value: fe_vil_crate_03f
      objectReference: {fileID: 0}
    - target: {fileID: 476182, guid: 72da0a0737e4580458546f84d68def10, type: 3}
      propertyPath: m_LocalPosition.x
      value: 0.6449999
      objectReference: {fileID: 0}
    - target: {fileID: 476182, guid: 72da0a0737e4580458546f84d68def10, type: 3}
      propertyPath: m_LocalPosition.y
      value: 0
      objectReference: {fileID: 0}
    - target: {fileID: 476182, guid: 72da0a0737e4580458546f84d68def10, type: 3}
      propertyPath: m_LocalPosition.z
      value: -3.16
      objectReference: {fileID: 0}
    - target: {fileID: 476182, guid: 72da0a0737e4580458546f84d68def10, type: 3}
      propertyPath: m_LocalRotation.x
      value: -0
      objectReference: {fileID: 0}
    - target: {fileID: 476182, guid: 72da0a0737e4580458546f84d68def10, type: 3}
      propertyPath: m_LocalRotation.y
      value: 0.13599242
      objectReference: {fileID: 0}
    - target: {fileID: 476182, guid: 72da0a0737e4580458546f84d68def10, type: 3}
      propertyPath: m_LocalRotation.z
      value: -0
      objectReference: {fileID: 0}
    - target: {fileID: 476182, guid: 72da0a0737e4580458546f84d68def10, type: 3}
      propertyPath: m_LocalRotation.w
      value: 0.9907099
      objectReference: {fileID: 0}
    - target: {fileID: 476182, guid: 72da0a0737e4580458546f84d68def10, type: 3}
      propertyPath: m_RootOrder
      value: 9
      objectReference: {fileID: 0}
    - target: {fileID: 476182, guid: 72da0a0737e4580458546f84d68def10, type: 3}
      propertyPath: m_LocalEulerAnglesHint.x
      value: 0
      objectReference: {fileID: 0}
    - target: {fileID: 476182, guid: 72da0a0737e4580458546f84d68def10, type: 3}
      propertyPath: m_LocalEulerAnglesHint.y
      value: 15.632001
      objectReference: {fileID: 0}
    - target: {fileID: 476182, guid: 72da0a0737e4580458546f84d68def10, type: 3}
      propertyPath: m_LocalEulerAnglesHint.z
      value: 0
      objectReference: {fileID: 0}
    m_RemovedComponents: []
  m_SourcePrefab: {fileID: 100100000, guid: 72da0a0737e4580458546f84d68def10, type: 3}
--- !u!4 &2538818144921308942 stripped
Transform:
  m_CorrespondingSourceObject: {fileID: 476182, guid: 72da0a0737e4580458546f84d68def10,
    type: 3}
  m_PrefabInstance: {fileID: 2538818144921619224}
  m_PrefabAsset: {fileID: 0}
--- !u!1001 &2613015057198194717
PrefabInstance:
  m_ObjectHideFlags: 0
  serializedVersion: 2
  m_Modification:
    m_TransformParent: {fileID: 7953549500609942281}
    m_Modifications:
    - target: {fileID: 100000, guid: f0909844f5689894e83b485f37a5bbae, type: 3}
      propertyPath: m_Name
      value: fi_vil_library_map03
      objectReference: {fileID: 0}
    - target: {fileID: 400000, guid: f0909844f5689894e83b485f37a5bbae, type: 3}
      propertyPath: m_LocalPosition.x
      value: -0.24862319
      objectReference: {fileID: 0}
    - target: {fileID: 400000, guid: f0909844f5689894e83b485f37a5bbae, type: 3}
      propertyPath: m_LocalPosition.y
      value: 0.902087
      objectReference: {fileID: 0}
    - target: {fileID: 400000, guid: f0909844f5689894e83b485f37a5bbae, type: 3}
      propertyPath: m_LocalPosition.z
      value: -0.064641155
      objectReference: {fileID: 0}
    - target: {fileID: 400000, guid: f0909844f5689894e83b485f37a5bbae, type: 3}
      propertyPath: m_LocalRotation.x
      value: -0
      objectReference: {fileID: 0}
    - target: {fileID: 400000, guid: f0909844f5689894e83b485f37a5bbae, type: 3}
      propertyPath: m_LocalRotation.y
      value: 0.51769876
      objectReference: {fileID: 0}
    - target: {fileID: 400000, guid: f0909844f5689894e83b485f37a5bbae, type: 3}
      propertyPath: m_LocalRotation.z
      value: -0
      objectReference: {fileID: 0}
    - target: {fileID: 400000, guid: f0909844f5689894e83b485f37a5bbae, type: 3}
      propertyPath: m_LocalRotation.w
      value: 0.855563
      objectReference: {fileID: 0}
    - target: {fileID: 400000, guid: f0909844f5689894e83b485f37a5bbae, type: 3}
      propertyPath: m_RootOrder
      value: 7
      objectReference: {fileID: 0}
    - target: {fileID: 400000, guid: f0909844f5689894e83b485f37a5bbae, type: 3}
      propertyPath: m_LocalEulerAnglesHint.x
      value: 0
      objectReference: {fileID: 0}
    - target: {fileID: 400000, guid: f0909844f5689894e83b485f37a5bbae, type: 3}
      propertyPath: m_LocalEulerAnglesHint.y
      value: 52.56
      objectReference: {fileID: 0}
    - target: {fileID: 400000, guid: f0909844f5689894e83b485f37a5bbae, type: 3}
      propertyPath: m_LocalEulerAnglesHint.z
      value: 0
      objectReference: {fileID: 0}
    m_RemovedComponents: []
  m_SourcePrefab: {fileID: 100100000, guid: f0909844f5689894e83b485f37a5bbae, type: 3}
--- !u!1001 &2641189782173184603
PrefabInstance:
  m_ObjectHideFlags: 0
  serializedVersion: 2
  m_Modification:
    m_TransformParent: {fileID: 7953549500609942281}
    m_Modifications:
    - target: {fileID: 100000, guid: 4ece566064823ec47b42ce3a2439cc66, type: 3}
      propertyPath: m_Name
      value: fi_vil_library_map05
      objectReference: {fileID: 0}
    - target: {fileID: 400000, guid: 4ece566064823ec47b42ce3a2439cc66, type: 3}
      propertyPath: m_LocalPosition.x
      value: 0.25212517
      objectReference: {fileID: 0}
    - target: {fileID: 400000, guid: 4ece566064823ec47b42ce3a2439cc66, type: 3}
      propertyPath: m_LocalPosition.y
      value: 0.902087
      objectReference: {fileID: 0}
    - target: {fileID: 400000, guid: 4ece566064823ec47b42ce3a2439cc66, type: 3}
      propertyPath: m_LocalPosition.z
      value: 0.83314824
      objectReference: {fileID: 0}
    - target: {fileID: 400000, guid: 4ece566064823ec47b42ce3a2439cc66, type: 3}
      propertyPath: m_LocalRotation.x
      value: -0
      objectReference: {fileID: 0}
    - target: {fileID: 400000, guid: 4ece566064823ec47b42ce3a2439cc66, type: 3}
      propertyPath: m_LocalRotation.y
      value: 0.6149109
      objectReference: {fileID: 0}
    - target: {fileID: 400000, guid: 4ece566064823ec47b42ce3a2439cc66, type: 3}
      propertyPath: m_LocalRotation.z
      value: -0
      objectReference: {fileID: 0}
    - target: {fileID: 400000, guid: 4ece566064823ec47b42ce3a2439cc66, type: 3}
      propertyPath: m_LocalRotation.w
      value: 0.7885966
      objectReference: {fileID: 0}
    - target: {fileID: 400000, guid: 4ece566064823ec47b42ce3a2439cc66, type: 3}
      propertyPath: m_RootOrder
      value: 6
      objectReference: {fileID: 0}
    - target: {fileID: 400000, guid: 4ece566064823ec47b42ce3a2439cc66, type: 3}
      propertyPath: m_LocalEulerAnglesHint.x
      value: 0
      objectReference: {fileID: 0}
    - target: {fileID: 400000, guid: 4ece566064823ec47b42ce3a2439cc66, type: 3}
      propertyPath: m_LocalEulerAnglesHint.y
      value: 66.095
      objectReference: {fileID: 0}
    - target: {fileID: 400000, guid: 4ece566064823ec47b42ce3a2439cc66, type: 3}
      propertyPath: m_LocalEulerAnglesHint.z
      value: 0
      objectReference: {fileID: 0}
    m_RemovedComponents: []
  m_SourcePrefab: {fileID: 100100000, guid: 4ece566064823ec47b42ce3a2439cc66, type: 3}
--- !u!1001 &2669980211664772083
PrefabInstance:
  m_ObjectHideFlags: 0
  serializedVersion: 2
  m_Modification:
    m_TransformParent: {fileID: 7953549500609942281}
    m_Modifications:
    - target: {fileID: 100000, guid: b0eaf0bfa1185cf44939aca66164ecd7, type: 3}
      propertyPath: m_Name
      value: fi_vil_library_map02
      objectReference: {fileID: 0}
    - target: {fileID: 400000, guid: b0eaf0bfa1185cf44939aca66164ecd7, type: 3}
      propertyPath: m_LocalPosition.x
      value: -0.30843055
      objectReference: {fileID: 0}
    - target: {fileID: 400000, guid: b0eaf0bfa1185cf44939aca66164ecd7, type: 3}
      propertyPath: m_LocalPosition.y
      value: 0.902087
      objectReference: {fileID: 0}
    - target: {fileID: 400000, guid: b0eaf0bfa1185cf44939aca66164ecd7, type: 3}
      propertyPath: m_LocalPosition.z
      value: 0.6469093
      objectReference: {fileID: 0}
    - target: {fileID: 400000, guid: b0eaf0bfa1185cf44939aca66164ecd7, type: 3}
      propertyPath: m_LocalRotation.x
      value: -0
      objectReference: {fileID: 0}
    - target: {fileID: 400000, guid: b0eaf0bfa1185cf44939aca66164ecd7, type: 3}
      propertyPath: m_LocalRotation.y
      value: 0.085382886
      objectReference: {fileID: 0}
    - target: {fileID: 400000, guid: b0eaf0bfa1185cf44939aca66164ecd7, type: 3}
      propertyPath: m_LocalRotation.z
      value: -0
      objectReference: {fileID: 0}
    - target: {fileID: 400000, guid: b0eaf0bfa1185cf44939aca66164ecd7, type: 3}
      propertyPath: m_LocalRotation.w
      value: 0.99634826
      objectReference: {fileID: 0}
    - target: {fileID: 400000, guid: b0eaf0bfa1185cf44939aca66164ecd7, type: 3}
      propertyPath: m_RootOrder
      value: 5
      objectReference: {fileID: 0}
    - target: {fileID: 400000, guid: b0eaf0bfa1185cf44939aca66164ecd7, type: 3}
      propertyPath: m_LocalEulerAnglesHint.x
      value: 0
      objectReference: {fileID: 0}
    - target: {fileID: 400000, guid: b0eaf0bfa1185cf44939aca66164ecd7, type: 3}
      propertyPath: m_LocalEulerAnglesHint.y
      value: 0
      objectReference: {fileID: 0}
    - target: {fileID: 400000, guid: b0eaf0bfa1185cf44939aca66164ecd7, type: 3}
      propertyPath: m_LocalEulerAnglesHint.z
      value: 0
      objectReference: {fileID: 0}
    m_RemovedComponents: []
  m_SourcePrefab: {fileID: 100100000, guid: b0eaf0bfa1185cf44939aca66164ecd7, type: 3}
--- !u!1001 &2862358804625021268
PrefabInstance:
  m_ObjectHideFlags: 0
  serializedVersion: 2
  m_Modification:
    m_TransformParent: {fileID: 5395934693817029002}
    m_Modifications:
    - target: {fileID: 100000, guid: 6bcdcdd1dbbf4ad4aa6bb9c08e5c4118, type: 3}
      propertyPath: m_Name
      value: fi_vil_forge_stool1
      objectReference: {fileID: 0}
    - target: {fileID: 100000, guid: 6bcdcdd1dbbf4ad4aa6bb9c08e5c4118, type: 3}
      propertyPath: m_IsActive
      value: 1
      objectReference: {fileID: 0}
    - target: {fileID: 400000, guid: 6bcdcdd1dbbf4ad4aa6bb9c08e5c4118, type: 3}
      propertyPath: m_LocalPosition.x
      value: 2.1
      objectReference: {fileID: 0}
    - target: {fileID: 400000, guid: 6bcdcdd1dbbf4ad4aa6bb9c08e5c4118, type: 3}
      propertyPath: m_LocalPosition.y
      value: 0
      objectReference: {fileID: 0}
    - target: {fileID: 400000, guid: 6bcdcdd1dbbf4ad4aa6bb9c08e5c4118, type: 3}
      propertyPath: m_LocalPosition.z
      value: 1.391
      objectReference: {fileID: 0}
    - target: {fileID: 400000, guid: 6bcdcdd1dbbf4ad4aa6bb9c08e5c4118, type: 3}
      propertyPath: m_LocalRotation.x
      value: -0
      objectReference: {fileID: 0}
    - target: {fileID: 400000, guid: 6bcdcdd1dbbf4ad4aa6bb9c08e5c4118, type: 3}
      propertyPath: m_LocalRotation.y
      value: -0.8493347
      objectReference: {fileID: 0}
    - target: {fileID: 400000, guid: 6bcdcdd1dbbf4ad4aa6bb9c08e5c4118, type: 3}
      propertyPath: m_LocalRotation.z
      value: -0
      objectReference: {fileID: 0}
    - target: {fileID: 400000, guid: 6bcdcdd1dbbf4ad4aa6bb9c08e5c4118, type: 3}
      propertyPath: m_LocalRotation.w
      value: 0.5278547
      objectReference: {fileID: 0}
    - target: {fileID: 400000, guid: 6bcdcdd1dbbf4ad4aa6bb9c08e5c4118, type: 3}
      propertyPath: m_RootOrder
      value: 5
      objectReference: {fileID: 0}
    - target: {fileID: 400000, guid: 6bcdcdd1dbbf4ad4aa6bb9c08e5c4118, type: 3}
      propertyPath: m_LocalEulerAnglesHint.x
      value: 0
      objectReference: {fileID: 0}
    - target: {fileID: 400000, guid: 6bcdcdd1dbbf4ad4aa6bb9c08e5c4118, type: 3}
      propertyPath: m_LocalEulerAnglesHint.y
      value: -116.27901
      objectReference: {fileID: 0}
    - target: {fileID: 400000, guid: 6bcdcdd1dbbf4ad4aa6bb9c08e5c4118, type: 3}
      propertyPath: m_LocalEulerAnglesHint.z
      value: 0
      objectReference: {fileID: 0}
    m_RemovedComponents: []
  m_SourcePrefab: {fileID: 100100000, guid: 6bcdcdd1dbbf4ad4aa6bb9c08e5c4118, type: 3}
--- !u!4 &2862358804625146836 stripped
Transform:
  m_CorrespondingSourceObject: {fileID: 400000, guid: 6bcdcdd1dbbf4ad4aa6bb9c08e5c4118,
    type: 3}
  m_PrefabInstance: {fileID: 2862358804625021268}
  m_PrefabAsset: {fileID: 0}
--- !u!1001 &3086544694596134265
PrefabInstance:
  m_ObjectHideFlags: 0
  serializedVersion: 2
  m_Modification:
    m_TransformParent: {fileID: 6131235048668737671}
    m_Modifications:
    - target: {fileID: 100000, guid: 6f0d4aab7c4f2584381da7d7c99a5c49, type: 3}
      propertyPath: m_Name
      value: fi_vil_library_book_open02
      objectReference: {fileID: 0}
    - target: {fileID: 400000, guid: 6f0d4aab7c4f2584381da7d7c99a5c49, type: 3}
      propertyPath: m_LocalPosition.x
      value: 0.21140015
      objectReference: {fileID: 0}
    - target: {fileID: 400000, guid: 6f0d4aab7c4f2584381da7d7c99a5c49, type: 3}
      propertyPath: m_LocalPosition.y
      value: 0.9024317
      objectReference: {fileID: 0}
    - target: {fileID: 400000, guid: 6f0d4aab7c4f2584381da7d7c99a5c49, type: 3}
      propertyPath: m_LocalPosition.z
      value: 0.65130645
      objectReference: {fileID: 0}
    - target: {fileID: 400000, guid: 6f0d4aab7c4f2584381da7d7c99a5c49, type: 3}
      propertyPath: m_LocalRotation.x
      value: -0
      objectReference: {fileID: 0}
    - target: {fileID: 400000, guid: 6f0d4aab7c4f2584381da7d7c99a5c49, type: 3}
      propertyPath: m_LocalRotation.y
      value: 0.17053765
      objectReference: {fileID: 0}
    - target: {fileID: 400000, guid: 6f0d4aab7c4f2584381da7d7c99a5c49, type: 3}
      propertyPath: m_LocalRotation.z
      value: -0
      objectReference: {fileID: 0}
    - target: {fileID: 400000, guid: 6f0d4aab7c4f2584381da7d7c99a5c49, type: 3}
      propertyPath: m_LocalRotation.w
      value: 0.9853512
      objectReference: {fileID: 0}
    - target: {fileID: 400000, guid: 6f0d4aab7c4f2584381da7d7c99a5c49, type: 3}
      propertyPath: m_RootOrder
      value: 6
      objectReference: {fileID: 0}
    - target: {fileID: 400000, guid: 6f0d4aab7c4f2584381da7d7c99a5c49, type: 3}
      propertyPath: m_LocalEulerAnglesHint.x
      value: 0
      objectReference: {fileID: 0}
    - target: {fileID: 400000, guid: 6f0d4aab7c4f2584381da7d7c99a5c49, type: 3}
      propertyPath: m_LocalEulerAnglesHint.y
      value: 42.629
      objectReference: {fileID: 0}
    - target: {fileID: 400000, guid: 6f0d4aab7c4f2584381da7d7c99a5c49, type: 3}
      propertyPath: m_LocalEulerAnglesHint.z
      value: 0
      objectReference: {fileID: 0}
    m_RemovedComponents: []
  m_SourcePrefab: {fileID: 100100000, guid: 6f0d4aab7c4f2584381da7d7c99a5c49, type: 3}
--- !u!1001 &3610849394299056459
PrefabInstance:
  m_ObjectHideFlags: 0
  serializedVersion: 2
  m_Modification:
    m_TransformParent: {fileID: 5395934693817029002}
    m_Modifications:
    - target: {fileID: 100000, guid: bf27de452fef9204585e86345c026523, type: 3}
      propertyPath: m_Name
      value: fi_vil_woven_carpet12
      objectReference: {fileID: 0}
    - target: {fileID: 400000, guid: bf27de452fef9204585e86345c026523, type: 3}
      propertyPath: m_LocalPosition.x
      value: 3.5709999
      objectReference: {fileID: 0}
    - target: {fileID: 400000, guid: bf27de452fef9204585e86345c026523, type: 3}
      propertyPath: m_LocalPosition.y
      value: 0.01
      objectReference: {fileID: 0}
    - target: {fileID: 400000, guid: bf27de452fef9204585e86345c026523, type: 3}
      propertyPath: m_LocalPosition.z
      value: 0.21600093
      objectReference: {fileID: 0}
    - target: {fileID: 400000, guid: bf27de452fef9204585e86345c026523, type: 3}
      propertyPath: m_LocalRotation.x
      value: -0
      objectReference: {fileID: 0}
    - target: {fileID: 400000, guid: bf27de452fef9204585e86345c026523, type: 3}
      propertyPath: m_LocalRotation.y
      value: -0.684383
      objectReference: {fileID: 0}
    - target: {fileID: 400000, guid: bf27de452fef9204585e86345c026523, type: 3}
      propertyPath: m_LocalRotation.z
      value: -0
      objectReference: {fileID: 0}
    - target: {fileID: 400000, guid: bf27de452fef9204585e86345c026523, type: 3}
      propertyPath: m_LocalRotation.w
      value: 0.7291227
      objectReference: {fileID: 0}
    - target: {fileID: 400000, guid: bf27de452fef9204585e86345c026523, type: 3}
      propertyPath: m_RootOrder
      value: 13
      objectReference: {fileID: 0}
    - target: {fileID: 400000, guid: bf27de452fef9204585e86345c026523, type: 3}
      propertyPath: m_LocalEulerAnglesHint.x
      value: 0
      objectReference: {fileID: 0}
    - target: {fileID: 400000, guid: bf27de452fef9204585e86345c026523, type: 3}
      propertyPath: m_LocalEulerAnglesHint.y
      value: -86.374
      objectReference: {fileID: 0}
    - target: {fileID: 400000, guid: bf27de452fef9204585e86345c026523, type: 3}
      propertyPath: m_LocalEulerAnglesHint.z
      value: 0
      objectReference: {fileID: 0}
    m_RemovedComponents: []
  m_SourcePrefab: {fileID: 100100000, guid: bf27de452fef9204585e86345c026523, type: 3}
--- !u!4 &3610849394299448267 stripped
Transform:
  m_CorrespondingSourceObject: {fileID: 400000, guid: bf27de452fef9204585e86345c026523,
    type: 3}
  m_PrefabInstance: {fileID: 3610849394299056459}
  m_PrefabAsset: {fileID: 0}
--- !u!1001 &3979164167601102702
PrefabInstance:
  m_ObjectHideFlags: 0
  serializedVersion: 2
  m_Modification:
    m_TransformParent: {fileID: 5395934693817029002}
    m_Modifications:
    - target: {fileID: 186656, guid: 0f65588b9943f8347a3700bc279c7758, type: 3}
      propertyPath: m_Name
      value: fe_vil_crate_02f
      objectReference: {fileID: 0}
    - target: {fileID: 427094, guid: 0f65588b9943f8347a3700bc279c7758, type: 3}
      propertyPath: m_LocalPosition.x
      value: 3.8309999
      objectReference: {fileID: 0}
    - target: {fileID: 427094, guid: 0f65588b9943f8347a3700bc279c7758, type: 3}
      propertyPath: m_LocalPosition.y
      value: 0
      objectReference: {fileID: 0}
    - target: {fileID: 427094, guid: 0f65588b9943f8347a3700bc279c7758, type: 3}
      propertyPath: m_LocalPosition.z
      value: -1.986
      objectReference: {fileID: 0}
    - target: {fileID: 427094, guid: 0f65588b9943f8347a3700bc279c7758, type: 3}
      propertyPath: m_LocalRotation.x
      value: -0
      objectReference: {fileID: 0}
    - target: {fileID: 427094, guid: 0f65588b9943f8347a3700bc279c7758, type: 3}
      propertyPath: m_LocalRotation.y
      value: -0
      objectReference: {fileID: 0}
    - target: {fileID: 427094, guid: 0f65588b9943f8347a3700bc279c7758, type: 3}
      propertyPath: m_LocalRotation.z
      value: -0
      objectReference: {fileID: 0}
    - target: {fileID: 427094, guid: 0f65588b9943f8347a3700bc279c7758, type: 3}
      propertyPath: m_LocalRotation.w
      value: 1
      objectReference: {fileID: 0}
    - target: {fileID: 427094, guid: 0f65588b9943f8347a3700bc279c7758, type: 3}
      propertyPath: m_RootOrder
      value: 10
      objectReference: {fileID: 0}
    - target: {fileID: 427094, guid: 0f65588b9943f8347a3700bc279c7758, type: 3}
      propertyPath: m_LocalEulerAnglesHint.x
      value: 0
      objectReference: {fileID: 0}
    - target: {fileID: 427094, guid: 0f65588b9943f8347a3700bc279c7758, type: 3}
      propertyPath: m_LocalEulerAnglesHint.y
      value: 0
      objectReference: {fileID: 0}
    - target: {fileID: 427094, guid: 0f65588b9943f8347a3700bc279c7758, type: 3}
      propertyPath: m_LocalEulerAnglesHint.z
      value: 0
      objectReference: {fileID: 0}
    m_RemovedComponents: []
  m_SourcePrefab: {fileID: 100100000, guid: 0f65588b9943f8347a3700bc279c7758, type: 3}
--- !u!4 &3979164167601199928 stripped
Transform:
  m_CorrespondingSourceObject: {fileID: 427094, guid: 0f65588b9943f8347a3700bc279c7758,
    type: 3}
  m_PrefabInstance: {fileID: 3979164167601102702}
  m_PrefabAsset: {fileID: 0}
--- !u!1001 &4190808344098970019
PrefabInstance:
  m_ObjectHideFlags: 0
  serializedVersion: 2
  m_Modification:
    m_TransformParent: {fileID: 5395934692583028556}
    m_Modifications:
    - target: {fileID: 105744, guid: 52620091ac9ef3d49bccf2f204cb5271, type: 3}
      propertyPath: m_Name
      value: fe_vil_Stall14b_red
      objectReference: {fileID: 0}
    - target: {fileID: 476102, guid: 52620091ac9ef3d49bccf2f204cb5271, type: 3}
      propertyPath: m_LocalPosition.x
      value: 0.2
      objectReference: {fileID: 0}
    - target: {fileID: 476102, guid: 52620091ac9ef3d49bccf2f204cb5271, type: 3}
      propertyPath: m_LocalPosition.y
      value: 0
      objectReference: {fileID: 0}
    - target: {fileID: 476102, guid: 52620091ac9ef3d49bccf2f204cb5271, type: 3}
      propertyPath: m_LocalPosition.z
      value: 0
      objectReference: {fileID: 0}
    - target: {fileID: 476102, guid: 52620091ac9ef3d49bccf2f204cb5271, type: 3}
      propertyPath: m_LocalRotation.x
      value: -0
      objectReference: {fileID: 0}
    - target: {fileID: 476102, guid: 52620091ac9ef3d49bccf2f204cb5271, type: 3}
      propertyPath: m_LocalRotation.y
      value: -0
      objectReference: {fileID: 0}
    - target: {fileID: 476102, guid: 52620091ac9ef3d49bccf2f204cb5271, type: 3}
      propertyPath: m_LocalRotation.z
      value: -0
      objectReference: {fileID: 0}
    - target: {fileID: 476102, guid: 52620091ac9ef3d49bccf2f204cb5271, type: 3}
      propertyPath: m_LocalRotation.w
      value: 1
      objectReference: {fileID: 0}
    - target: {fileID: 476102, guid: 52620091ac9ef3d49bccf2f204cb5271, type: 3}
      propertyPath: m_RootOrder
      value: 0
      objectReference: {fileID: 0}
    - target: {fileID: 476102, guid: 52620091ac9ef3d49bccf2f204cb5271, type: 3}
      propertyPath: m_LocalEulerAnglesHint.x
      value: 0
      objectReference: {fileID: 0}
    - target: {fileID: 476102, guid: 52620091ac9ef3d49bccf2f204cb5271, type: 3}
      propertyPath: m_LocalEulerAnglesHint.y
      value: 0
      objectReference: {fileID: 0}
    - target: {fileID: 476102, guid: 52620091ac9ef3d49bccf2f204cb5271, type: 3}
      propertyPath: m_LocalEulerAnglesHint.z
      value: 0
      objectReference: {fileID: 0}
    m_RemovedComponents: []
  m_SourcePrefab: {fileID: 100100000, guid: 52620091ac9ef3d49bccf2f204cb5271, type: 3}
--- !u!4 &4190808344099052133 stripped
Transform:
  m_CorrespondingSourceObject: {fileID: 476102, guid: 52620091ac9ef3d49bccf2f204cb5271,
    type: 3}
  m_PrefabInstance: {fileID: 4190808344098970019}
  m_PrefabAsset: {fileID: 0}
--- !u!1001 &4595949487048522363
PrefabInstance:
  m_ObjectHideFlags: 0
  serializedVersion: 2
  m_Modification:
    m_TransformParent: {fileID: 6131235048668737671}
    m_Modifications:
    - target: {fileID: 100000, guid: da45b56e8f7e6ca499f3a6dbc32fd9f0, type: 3}
      propertyPath: m_Name
      value: fi_vil_library_scroll01b
      objectReference: {fileID: 0}
    - target: {fileID: 400000, guid: da45b56e8f7e6ca499f3a6dbc32fd9f0, type: 3}
      propertyPath: m_LocalPosition.x
      value: -0.24142948
      objectReference: {fileID: 0}
    - target: {fileID: 400000, guid: da45b56e8f7e6ca499f3a6dbc32fd9f0, type: 3}
      propertyPath: m_LocalPosition.y
      value: 0.90208685
      objectReference: {fileID: 0}
    - target: {fileID: 400000, guid: da45b56e8f7e6ca499f3a6dbc32fd9f0, type: 3}
      propertyPath: m_LocalPosition.z
      value: 0.33859667
      objectReference: {fileID: 0}
    - target: {fileID: 400000, guid: da45b56e8f7e6ca499f3a6dbc32fd9f0, type: 3}
      propertyPath: m_LocalRotation.x
      value: -0
      objectReference: {fileID: 0}
    - target: {fileID: 400000, guid: da45b56e8f7e6ca499f3a6dbc32fd9f0, type: 3}
      propertyPath: m_LocalRotation.y
      value: 0.71976703
      objectReference: {fileID: 0}
    - target: {fileID: 400000, guid: da45b56e8f7e6ca499f3a6dbc32fd9f0, type: 3}
      propertyPath: m_LocalRotation.z
      value: -0
      objectReference: {fileID: 0}
    - target: {fileID: 400000, guid: da45b56e8f7e6ca499f3a6dbc32fd9f0, type: 3}
      propertyPath: m_LocalRotation.w
      value: 0.6942157
      objectReference: {fileID: 0}
    - target: {fileID: 400000, guid: da45b56e8f7e6ca499f3a6dbc32fd9f0, type: 3}
      propertyPath: m_RootOrder
      value: 7
      objectReference: {fileID: 0}
    - target: {fileID: 400000, guid: da45b56e8f7e6ca499f3a6dbc32fd9f0, type: 3}
      propertyPath: m_LocalEulerAnglesHint.x
      value: 0
      objectReference: {fileID: 0}
    - target: {fileID: 400000, guid: da45b56e8f7e6ca499f3a6dbc32fd9f0, type: 3}
      propertyPath: m_LocalEulerAnglesHint.y
      value: 115.062004
      objectReference: {fileID: 0}
    - target: {fileID: 400000, guid: da45b56e8f7e6ca499f3a6dbc32fd9f0, type: 3}
      propertyPath: m_LocalEulerAnglesHint.z
      value: 0
      objectReference: {fileID: 0}
    m_RemovedComponents: []
  m_SourcePrefab: {fileID: 100100000, guid: da45b56e8f7e6ca499f3a6dbc32fd9f0, type: 3}
--- !u!1001 &4736091048125174308
PrefabInstance:
  m_ObjectHideFlags: 0
  serializedVersion: 2
  m_Modification:
    m_TransformParent: {fileID: 6131235048668737671}
    m_Modifications:
    - target: {fileID: 100000, guid: a7aa38ff6051d224fb825c02f209f777, type: 3}
      propertyPath: m_Name
      value: fi_vil_library_scroll12e
      objectReference: {fileID: 0}
    - target: {fileID: 400000, guid: a7aa38ff6051d224fb825c02f209f777, type: 3}
      propertyPath: m_LocalPosition.x
      value: 0.23672093
      objectReference: {fileID: 0}
    - target: {fileID: 400000, guid: a7aa38ff6051d224fb825c02f209f777, type: 3}
      propertyPath: m_LocalPosition.y
      value: 0.9020869
      objectReference: {fileID: 0}
    - target: {fileID: 400000, guid: a7aa38ff6051d224fb825c02f209f777, type: 3}
      propertyPath: m_LocalPosition.z
      value: -0.57862055
      objectReference: {fileID: 0}
    - target: {fileID: 400000, guid: a7aa38ff6051d224fb825c02f209f777, type: 3}
      propertyPath: m_LocalRotation.x
      value: -0
      objectReference: {fileID: 0}
    - target: {fileID: 400000, guid: a7aa38ff6051d224fb825c02f209f777, type: 3}
      propertyPath: m_LocalRotation.y
      value: 0.9970721
      objectReference: {fileID: 0}
    - target: {fileID: 400000, guid: a7aa38ff6051d224fb825c02f209f777, type: 3}
      propertyPath: m_LocalRotation.z
      value: -0
      objectReference: {fileID: 0}
    - target: {fileID: 400000, guid: a7aa38ff6051d224fb825c02f209f777, type: 3}
      propertyPath: m_LocalRotation.w
      value: 0.07646777
      objectReference: {fileID: 0}
    - target: {fileID: 400000, guid: a7aa38ff6051d224fb825c02f209f777, type: 3}
      propertyPath: m_RootOrder
      value: 0
      objectReference: {fileID: 0}
    - target: {fileID: 400000, guid: a7aa38ff6051d224fb825c02f209f777, type: 3}
      propertyPath: m_LocalEulerAnglesHint.x
      value: 0
      objectReference: {fileID: 0}
    - target: {fileID: 400000, guid: a7aa38ff6051d224fb825c02f209f777, type: 3}
      propertyPath: m_LocalEulerAnglesHint.y
      value: 194.21999
      objectReference: {fileID: 0}
    - target: {fileID: 400000, guid: a7aa38ff6051d224fb825c02f209f777, type: 3}
      propertyPath: m_LocalEulerAnglesHint.z
      value: 0
      objectReference: {fileID: 0}
    m_RemovedComponents: []
  m_SourcePrefab: {fileID: 100100000, guid: a7aa38ff6051d224fb825c02f209f777, type: 3}
--- !u!1001 &4854169310118047860
PrefabInstance:
  m_ObjectHideFlags: 0
  serializedVersion: 2
  m_Modification:
    m_TransformParent: {fileID: 1483521097657681741}
    m_Modifications:
    - target: {fileID: 100000, guid: f06b0aca4ce6b9b4c8933360ba84ca02, type: 3}
      propertyPath: m_Name
      value: fi_vil_library_map01
      objectReference: {fileID: 0}
    - target: {fileID: 400000, guid: f06b0aca4ce6b9b4c8933360ba84ca02, type: 3}
      propertyPath: m_LocalPosition.x
      value: 0.035206676
      objectReference: {fileID: 0}
    - target: {fileID: 400000, guid: f06b0aca4ce6b9b4c8933360ba84ca02, type: 3}
      propertyPath: m_LocalPosition.y
      value: 0.90208685
      objectReference: {fileID: 0}
    - target: {fileID: 400000, guid: f06b0aca4ce6b9b4c8933360ba84ca02, type: 3}
      propertyPath: m_LocalPosition.z
      value: -0.551
      objectReference: {fileID: 0}
    - target: {fileID: 400000, guid: f06b0aca4ce6b9b4c8933360ba84ca02, type: 3}
      propertyPath: m_LocalRotation.x
      value: -0
      objectReference: {fileID: 0}
    - target: {fileID: 400000, guid: f06b0aca4ce6b9b4c8933360ba84ca02, type: 3}
      propertyPath: m_LocalRotation.y
      value: 0.8322141
      objectReference: {fileID: 0}
    - target: {fileID: 400000, guid: f06b0aca4ce6b9b4c8933360ba84ca02, type: 3}
      propertyPath: m_LocalRotation.z
      value: -0
      objectReference: {fileID: 0}
    - target: {fileID: 400000, guid: f06b0aca4ce6b9b4c8933360ba84ca02, type: 3}
      propertyPath: m_LocalRotation.w
      value: 0.5544544
      objectReference: {fileID: 0}
    - target: {fileID: 400000, guid: f06b0aca4ce6b9b4c8933360ba84ca02, type: 3}
      propertyPath: m_RootOrder
      value: 2
      objectReference: {fileID: 0}
    - target: {fileID: 400000, guid: f06b0aca4ce6b9b4c8933360ba84ca02, type: 3}
      propertyPath: m_LocalEulerAnglesHint.x
      value: 0
      objectReference: {fileID: 0}
    - target: {fileID: 400000, guid: f06b0aca4ce6b9b4c8933360ba84ca02, type: 3}
      propertyPath: m_LocalEulerAnglesHint.y
      value: 112.65401
      objectReference: {fileID: 0}
    - target: {fileID: 400000, guid: f06b0aca4ce6b9b4c8933360ba84ca02, type: 3}
      propertyPath: m_LocalEulerAnglesHint.z
      value: 0
      objectReference: {fileID: 0}
    m_RemovedComponents: []
  m_SourcePrefab: {fileID: 100100000, guid: f06b0aca4ce6b9b4c8933360ba84ca02, type: 3}
--- !u!1001 &4985531467933055300
PrefabInstance:
  m_ObjectHideFlags: 0
  serializedVersion: 2
  m_Modification:
    m_TransformParent: {fileID: 6131235048668737671}
    m_Modifications:
    - target: {fileID: 100000, guid: 068518100f58e4843804610395a593b0, type: 3}
      propertyPath: m_Name
      value: fi_vil_library_scroll08a
      objectReference: {fileID: 0}
    - target: {fileID: 400000, guid: 068518100f58e4843804610395a593b0, type: 3}
      propertyPath: m_LocalPosition.x
      value: -0.18412854
      objectReference: {fileID: 0}
    - target: {fileID: 400000, guid: 068518100f58e4843804610395a593b0, type: 3}
      propertyPath: m_LocalPosition.y
      value: 0.90208685
      objectReference: {fileID: 0}
    - target: {fileID: 400000, guid: 068518100f58e4843804610395a593b0, type: 3}
      propertyPath: m_LocalPosition.z
      value: -0.61628443
      objectReference: {fileID: 0}
    - target: {fileID: 400000, guid: 068518100f58e4843804610395a593b0, type: 3}
      propertyPath: m_LocalRotation.x
      value: -0
      objectReference: {fileID: 0}
    - target: {fileID: 400000, guid: 068518100f58e4843804610395a593b0, type: 3}
      propertyPath: m_LocalRotation.y
      value: -0.19929169
      objectReference: {fileID: 0}
    - target: {fileID: 400000, guid: 068518100f58e4843804610395a593b0, type: 3}
      propertyPath: m_LocalRotation.z
      value: -0
      objectReference: {fileID: 0}
    - target: {fileID: 400000, guid: 068518100f58e4843804610395a593b0, type: 3}
      propertyPath: m_LocalRotation.w
      value: 0.97994024
      objectReference: {fileID: 0}
    - target: {fileID: 400000, guid: 068518100f58e4843804610395a593b0, type: 3}
      propertyPath: m_RootOrder
      value: 2
      objectReference: {fileID: 0}
    - target: {fileID: 400000, guid: 068518100f58e4843804610395a593b0, type: 3}
      propertyPath: m_LocalEulerAnglesHint.x
      value: 0
      objectReference: {fileID: 0}
    - target: {fileID: 400000, guid: 068518100f58e4843804610395a593b0, type: 3}
      propertyPath: m_LocalEulerAnglesHint.y
      value: 0
      objectReference: {fileID: 0}
    - target: {fileID: 400000, guid: 068518100f58e4843804610395a593b0, type: 3}
      propertyPath: m_LocalEulerAnglesHint.z
      value: 0
      objectReference: {fileID: 0}
    m_RemovedComponents: []
  m_SourcePrefab: {fileID: 100100000, guid: 068518100f58e4843804610395a593b0, type: 3}
--- !u!1001 &5767769788107837093
PrefabInstance:
  m_ObjectHideFlags: 0
  serializedVersion: 2
  m_Modification:
    m_TransformParent: {fileID: 7953549500609942281}
    m_Modifications:
    - target: {fileID: 100000, guid: 0dbf6d2e87306fe44a39836771b89ee1, type: 3}
      propertyPath: m_Name
      value: fi_vil_library_book_open07
      objectReference: {fileID: 0}
    - target: {fileID: 400000, guid: 0dbf6d2e87306fe44a39836771b89ee1, type: 3}
      propertyPath: m_LocalPosition.x
      value: 0.32056382
      objectReference: {fileID: 0}
    - target: {fileID: 400000, guid: 0dbf6d2e87306fe44a39836771b89ee1, type: 3}
      propertyPath: m_LocalPosition.y
      value: 0.90208906
      objectReference: {fileID: 0}
    - target: {fileID: 400000, guid: 0dbf6d2e87306fe44a39836771b89ee1, type: 3}
      propertyPath: m_LocalPosition.z
      value: -0.6976015
      objectReference: {fileID: 0}
    - target: {fileID: 400000, guid: 0dbf6d2e87306fe44a39836771b89ee1, type: 3}
      propertyPath: m_LocalRotation.x
      value: -0
      objectReference: {fileID: 0}
    - target: {fileID: 400000, guid: 0dbf6d2e87306fe44a39836771b89ee1, type: 3}
      propertyPath: m_LocalRotation.y
      value: 0.085382886
      objectReference: {fileID: 0}
    - target: {fileID: 400000, guid: 0dbf6d2e87306fe44a39836771b89ee1, type: 3}
      propertyPath: m_LocalRotation.z
      value: -0
      objectReference: {fileID: 0}
    - target: {fileID: 400000, guid: 0dbf6d2e87306fe44a39836771b89ee1, type: 3}
      propertyPath: m_LocalRotation.w
      value: 0.99634826
      objectReference: {fileID: 0}
    - target: {fileID: 400000, guid: 0dbf6d2e87306fe44a39836771b89ee1, type: 3}
      propertyPath: m_RootOrder
      value: 0
      objectReference: {fileID: 0}
    - target: {fileID: 400000, guid: 0dbf6d2e87306fe44a39836771b89ee1, type: 3}
      propertyPath: m_LocalEulerAnglesHint.x
      value: 0
      objectReference: {fileID: 0}
    - target: {fileID: 400000, guid: 0dbf6d2e87306fe44a39836771b89ee1, type: 3}
      propertyPath: m_LocalEulerAnglesHint.y
      value: 0
      objectReference: {fileID: 0}
    - target: {fileID: 400000, guid: 0dbf6d2e87306fe44a39836771b89ee1, type: 3}
      propertyPath: m_LocalEulerAnglesHint.z
      value: 0
      objectReference: {fileID: 0}
    m_RemovedComponents: []
  m_SourcePrefab: {fileID: 100100000, guid: 0dbf6d2e87306fe44a39836771b89ee1, type: 3}
--- !u!1001 &5850784368571892549
PrefabInstance:
  m_ObjectHideFlags: 0
  serializedVersion: 2
  m_Modification:
    m_TransformParent: {fileID: 5395934693817029002}
    m_Modifications:
    - target: {fileID: 193746, guid: cb0a2b3069fd54b4c8d3f6155e455e27, type: 3}
      propertyPath: m_Name
      value: fe_vil_crate_04f
      objectReference: {fileID: 0}
    - target: {fileID: 484978, guid: cb0a2b3069fd54b4c8d3f6155e455e27, type: 3}
      propertyPath: m_LocalPosition.x
      value: 0.6689999
      objectReference: {fileID: 0}
    - target: {fileID: 484978, guid: cb0a2b3069fd54b4c8d3f6155e455e27, type: 3}
      propertyPath: m_LocalPosition.y
      value: 0
      objectReference: {fileID: 0}
    - target: {fileID: 484978, guid: cb0a2b3069fd54b4c8d3f6155e455e27, type: 3}
      propertyPath: m_LocalPosition.z
      value: 1.103
      objectReference: {fileID: 0}
    - target: {fileID: 484978, guid: cb0a2b3069fd54b4c8d3f6155e455e27, type: 3}
      propertyPath: m_LocalRotation.x
      value: -0
      objectReference: {fileID: 0}
    - target: {fileID: 484978, guid: cb0a2b3069fd54b4c8d3f6155e455e27, type: 3}
      propertyPath: m_LocalRotation.y
      value: -0.10385783
      objectReference: {fileID: 0}
    - target: {fileID: 484978, guid: cb0a2b3069fd54b4c8d3f6155e455e27, type: 3}
      propertyPath: m_LocalRotation.z
      value: -0
      objectReference: {fileID: 0}
    - target: {fileID: 484978, guid: cb0a2b3069fd54b4c8d3f6155e455e27, type: 3}
      propertyPath: m_LocalRotation.w
      value: 0.9945922
      objectReference: {fileID: 0}
    - target: {fileID: 484978, guid: cb0a2b3069fd54b4c8d3f6155e455e27, type: 3}
      propertyPath: m_RootOrder
      value: 8
      objectReference: {fileID: 0}
    - target: {fileID: 484978, guid: cb0a2b3069fd54b4c8d3f6155e455e27, type: 3}
      propertyPath: m_LocalEulerAnglesHint.x
      value: 0
      objectReference: {fileID: 0}
    - target: {fileID: 484978, guid: cb0a2b3069fd54b4c8d3f6155e455e27, type: 3}
      propertyPath: m_LocalEulerAnglesHint.y
      value: -11.923
      objectReference: {fileID: 0}
    - target: {fileID: 484978, guid: cb0a2b3069fd54b4c8d3f6155e455e27, type: 3}
      propertyPath: m_LocalEulerAnglesHint.z
      value: 0
      objectReference: {fileID: 0}
    m_RemovedComponents: []
  m_SourcePrefab: {fileID: 100100000, guid: cb0a2b3069fd54b4c8d3f6155e455e27, type: 3}
--- !u!4 &5850784368572081463 stripped
Transform:
  m_CorrespondingSourceObject: {fileID: 484978, guid: cb0a2b3069fd54b4c8d3f6155e455e27,
    type: 3}
  m_PrefabInstance: {fileID: 5850784368571892549}
  m_PrefabAsset: {fileID: 0}
--- !u!1001 &6131235048668867079
PrefabInstance:
  m_ObjectHideFlags: 0
  serializedVersion: 2
  m_Modification:
    m_TransformParent: {fileID: 5395934693817029002}
    m_Modifications:
    - target: {fileID: 100000, guid: ab5e6db91193a8d4790642113974a46a, type: 3}
      propertyPath: m_Name
      value: fi_vil_furniture_table02_02
      objectReference: {fileID: 0}
    - target: {fileID: 400000, guid: ab5e6db91193a8d4790642113974a46a, type: 3}
      propertyPath: m_LocalPosition.x
      value: 3.4069998
      objectReference: {fileID: 0}
    - target: {fileID: 400000, guid: ab5e6db91193a8d4790642113974a46a, type: 3}
      propertyPath: m_LocalPosition.y
      value: 0
      objectReference: {fileID: 0}
    - target: {fileID: 400000, guid: ab5e6db91193a8d4790642113974a46a, type: 3}
      propertyPath: m_LocalPosition.z
      value: 2.174
      objectReference: {fileID: 0}
    - target: {fileID: 400000, guid: ab5e6db91193a8d4790642113974a46a, type: 3}
      propertyPath: m_LocalRotation.x
      value: -0
      objectReference: {fileID: 0}
    - target: {fileID: 400000, guid: ab5e6db91193a8d4790642113974a46a, type: 3}
      propertyPath: m_LocalRotation.y
      value: 0.19929169
      objectReference: {fileID: 0}
    - target: {fileID: 400000, guid: ab5e6db91193a8d4790642113974a46a, type: 3}
      propertyPath: m_LocalRotation.z
      value: -0
      objectReference: {fileID: 0}
    - target: {fileID: 400000, guid: ab5e6db91193a8d4790642113974a46a, type: 3}
      propertyPath: m_LocalRotation.w
      value: 0.97994024
      objectReference: {fileID: 0}
    - target: {fileID: 400000, guid: ab5e6db91193a8d4790642113974a46a, type: 3}
      propertyPath: m_RootOrder
      value: 2
      objectReference: {fileID: 0}
    - target: {fileID: 400000, guid: ab5e6db91193a8d4790642113974a46a, type: 3}
      propertyPath: m_LocalEulerAnglesHint.x
      value: 0
      objectReference: {fileID: 0}
    - target: {fileID: 400000, guid: ab5e6db91193a8d4790642113974a46a, type: 3}
      propertyPath: m_LocalEulerAnglesHint.y
      value: 22.991001
      objectReference: {fileID: 0}
    - target: {fileID: 400000, guid: ab5e6db91193a8d4790642113974a46a, type: 3}
      propertyPath: m_LocalEulerAnglesHint.z
      value: 0
      objectReference: {fileID: 0}
    m_RemovedComponents: []
  m_SourcePrefab: {fileID: 100100000, guid: ab5e6db91193a8d4790642113974a46a, type: 3}
--- !u!4 &6131235048668737671 stripped
Transform:
  m_CorrespondingSourceObject: {fileID: 400000, guid: ab5e6db91193a8d4790642113974a46a,
    type: 3}
  m_PrefabInstance: {fileID: 6131235048668867079}
  m_PrefabAsset: {fileID: 0}
--- !u!1001 &6399499892662454763
PrefabInstance:
  m_ObjectHideFlags: 0
  serializedVersion: 2
  m_Modification:
    m_TransformParent: {fileID: 8089055531904754981}
    m_Modifications:
    - target: {fileID: 100000, guid: 3d4d989b9b347fd4c9faebc7cced241f, type: 3}
      propertyPath: m_Name
      value: fi_vil_library_map04
      objectReference: {fileID: 0}
    - target: {fileID: 400000, guid: 3d4d989b9b347fd4c9faebc7cced241f, type: 3}
      propertyPath: m_LocalPosition.x
      value: 0.31082433
      objectReference: {fileID: 0}
    - target: {fileID: 400000, guid: 3d4d989b9b347fd4c9faebc7cced241f, type: 3}
      propertyPath: m_LocalPosition.y
      value: 0.9020868
      objectReference: {fileID: 0}
    - target: {fileID: 400000, guid: 3d4d989b9b347fd4c9faebc7cced241f, type: 3}
      propertyPath: m_LocalPosition.z
      value: 0.27399993
      objectReference: {fileID: 0}
    - target: {fileID: 400000, guid: 3d4d989b9b347fd4c9faebc7cced241f, type: 3}
      propertyPath: m_LocalRotation.x
      value: -0
      objectReference: {fileID: 0}
    - target: {fileID: 400000, guid: 3d4d989b9b347fd4c9faebc7cced241f, type: 3}
      propertyPath: m_LocalRotation.y
      value: 0.71058303
      objectReference: {fileID: 0}
    - target: {fileID: 400000, guid: 3d4d989b9b347fd4c9faebc7cced241f, type: 3}
      propertyPath: m_LocalRotation.z
      value: -0
      objectReference: {fileID: 0}
    - target: {fileID: 400000, guid: 3d4d989b9b347fd4c9faebc7cced241f, type: 3}
      propertyPath: m_LocalRotation.w
      value: 0.7036134
      objectReference: {fileID: 0}
    - target: {fileID: 400000, guid: 3d4d989b9b347fd4c9faebc7cced241f, type: 3}
      propertyPath: m_RootOrder
      value: 2
      objectReference: {fileID: 0}
    - target: {fileID: 400000, guid: 3d4d989b9b347fd4c9faebc7cced241f, type: 3}
      propertyPath: m_LocalEulerAnglesHint.x
      value: 0
      objectReference: {fileID: 0}
    - target: {fileID: 400000, guid: 3d4d989b9b347fd4c9faebc7cced241f, type: 3}
      propertyPath: m_LocalEulerAnglesHint.y
      value: 90.565
      objectReference: {fileID: 0}
    - target: {fileID: 400000, guid: 3d4d989b9b347fd4c9faebc7cced241f, type: 3}
      propertyPath: m_LocalEulerAnglesHint.z
      value: 0
      objectReference: {fileID: 0}
    m_RemovedComponents: []
  m_SourcePrefab: {fileID: 100100000, guid: 3d4d989b9b347fd4c9faebc7cced241f, type: 3}
--- !u!1001 &6834470751986355034
PrefabInstance:
  m_ObjectHideFlags: 0
  serializedVersion: 2
  m_Modification:
    m_TransformParent: {fileID: 7953549500609942281}
    m_Modifications:
    - target: {fileID: 100000, guid: 02a5993fadb675d43a028a547b07f4df, type: 3}
      propertyPath: m_Name
      value: fi_vil_library_map07
      objectReference: {fileID: 0}
    - target: {fileID: 400000, guid: 02a5993fadb675d43a028a547b07f4df, type: 3}
      propertyPath: m_LocalPosition.x
      value: -0.17838763
      objectReference: {fileID: 0}
    - target: {fileID: 400000, guid: 02a5993fadb675d43a028a547b07f4df, type: 3}
      propertyPath: m_LocalPosition.y
      value: 0.902087
      objectReference: {fileID: 0}
    - target: {fileID: 400000, guid: 02a5993fadb675d43a028a547b07f4df, type: 3}
      propertyPath: m_LocalPosition.z
      value: -0.7921994
      objectReference: {fileID: 0}
    - target: {fileID: 400000, guid: 02a5993fadb675d43a028a547b07f4df, type: 3}
      propertyPath: m_LocalRotation.x
      value: -0
      objectReference: {fileID: 0}
    - target: {fileID: 400000, guid: 02a5993fadb675d43a028a547b07f4df, type: 3}
      propertyPath: m_LocalRotation.y
      value: 0.085382886
      objectReference: {fileID: 0}
    - target: {fileID: 400000, guid: 02a5993fadb675d43a028a547b07f4df, type: 3}
      propertyPath: m_LocalRotation.z
      value: -0
      objectReference: {fileID: 0}
    - target: {fileID: 400000, guid: 02a5993fadb675d43a028a547b07f4df, type: 3}
      propertyPath: m_LocalRotation.w
      value: 0.99634826
      objectReference: {fileID: 0}
    - target: {fileID: 400000, guid: 02a5993fadb675d43a028a547b07f4df, type: 3}
      propertyPath: m_RootOrder
      value: 8
      objectReference: {fileID: 0}
    - target: {fileID: 400000, guid: 02a5993fadb675d43a028a547b07f4df, type: 3}
      propertyPath: m_LocalEulerAnglesHint.x
      value: 0
      objectReference: {fileID: 0}
    - target: {fileID: 400000, guid: 02a5993fadb675d43a028a547b07f4df, type: 3}
      propertyPath: m_LocalEulerAnglesHint.y
      value: 0
      objectReference: {fileID: 0}
    - target: {fileID: 400000, guid: 02a5993fadb675d43a028a547b07f4df, type: 3}
      propertyPath: m_LocalEulerAnglesHint.z
      value: 0
      objectReference: {fileID: 0}
    m_RemovedComponents: []
  m_SourcePrefab: {fileID: 100100000, guid: 02a5993fadb675d43a028a547b07f4df, type: 3}
--- !u!1001 &7479392636070101342
PrefabInstance:
  m_ObjectHideFlags: 0
  serializedVersion: 2
  m_Modification:
    m_TransformParent: {fileID: 5395934693817029002}
    m_Modifications:
    - target: {fileID: 100000, guid: e67772ad49f8b9d44abafc7e11a6ea28, type: 3}
      propertyPath: m_Name
      value: fi_vil_woven_carpet14b
      objectReference: {fileID: 0}
    - target: {fileID: 400000, guid: e67772ad49f8b9d44abafc7e11a6ea28, type: 3}
      propertyPath: m_LocalPosition.x
      value: 1.5579998
      objectReference: {fileID: 0}
    - target: {fileID: 400000, guid: e67772ad49f8b9d44abafc7e11a6ea28, type: 3}
      propertyPath: m_LocalPosition.y
      value: 0.01
      objectReference: {fileID: 0}
    - target: {fileID: 400000, guid: e67772ad49f8b9d44abafc7e11a6ea28, type: 3}
      propertyPath: m_LocalPosition.z
      value: -0.052
      objectReference: {fileID: 0}
    - target: {fileID: 400000, guid: e67772ad49f8b9d44abafc7e11a6ea28, type: 3}
      propertyPath: m_LocalRotation.x
      value: -0
      objectReference: {fileID: 0}
    - target: {fileID: 400000, guid: e67772ad49f8b9d44abafc7e11a6ea28, type: 3}
      propertyPath: m_LocalRotation.y
      value: 0.67710614
      objectReference: {fileID: 0}
    - target: {fileID: 400000, guid: e67772ad49f8b9d44abafc7e11a6ea28, type: 3}
      propertyPath: m_LocalRotation.z
      value: -0
      objectReference: {fileID: 0}
    - target: {fileID: 400000, guid: e67772ad49f8b9d44abafc7e11a6ea28, type: 3}
      propertyPath: m_LocalRotation.w
      value: 0.73588544
      objectReference: {fileID: 0}
    - target: {fileID: 400000, guid: e67772ad49f8b9d44abafc7e11a6ea28, type: 3}
      propertyPath: m_RootOrder
      value: 12
      objectReference: {fileID: 0}
    - target: {fileID: 400000, guid: e67772ad49f8b9d44abafc7e11a6ea28, type: 3}
      propertyPath: m_LocalEulerAnglesHint.x
      value: 0
      objectReference: {fileID: 0}
    - target: {fileID: 400000, guid: e67772ad49f8b9d44abafc7e11a6ea28, type: 3}
      propertyPath: m_LocalEulerAnglesHint.y
      value: 85.23601
      objectReference: {fileID: 0}
    - target: {fileID: 400000, guid: e67772ad49f8b9d44abafc7e11a6ea28, type: 3}
      propertyPath: m_LocalEulerAnglesHint.z
      value: 0
      objectReference: {fileID: 0}
    m_RemovedComponents: []
  m_SourcePrefab: {fileID: 100100000, guid: e67772ad49f8b9d44abafc7e11a6ea28, type: 3}
--- !u!4 &7479392636070501342 stripped
Transform:
  m_CorrespondingSourceObject: {fileID: 400000, guid: e67772ad49f8b9d44abafc7e11a6ea28,
    type: 3}
  m_PrefabInstance: {fileID: 7479392636070101342}
  m_PrefabAsset: {fileID: 0}
--- !u!1001 &7491305497192128945
PrefabInstance:
  m_ObjectHideFlags: 0
  serializedVersion: 2
  m_Modification:
    m_TransformParent: {fileID: 1483521097657681741}
    m_Modifications:
    - target: {fileID: 100000, guid: b0eaf0bfa1185cf44939aca66164ecd7, type: 3}
      propertyPath: m_Name
      value: fi_vil_library_map02
      objectReference: {fileID: 0}
    - target: {fileID: 400000, guid: b0eaf0bfa1185cf44939aca66164ecd7, type: 3}
      propertyPath: m_LocalPosition.x
      value: 0.30220664
      objectReference: {fileID: 0}
    - target: {fileID: 400000, guid: b0eaf0bfa1185cf44939aca66164ecd7, type: 3}
      propertyPath: m_LocalPosition.y
      value: 0.911
      objectReference: {fileID: 0}
    - target: {fileID: 400000, guid: b0eaf0bfa1185cf44939aca66164ecd7, type: 3}
      propertyPath: m_LocalPosition.z
      value: 0.09699988
      objectReference: {fileID: 0}
    - target: {fileID: 400000, guid: b0eaf0bfa1185cf44939aca66164ecd7, type: 3}
      propertyPath: m_LocalRotation.x
      value: -0
      objectReference: {fileID: 0}
    - target: {fileID: 400000, guid: b0eaf0bfa1185cf44939aca66164ecd7, type: 3}
      propertyPath: m_LocalRotation.y
      value: -0.28234783
      objectReference: {fileID: 0}
    - target: {fileID: 400000, guid: b0eaf0bfa1185cf44939aca66164ecd7, type: 3}
      propertyPath: m_LocalRotation.z
      value: -0
      objectReference: {fileID: 0}
    - target: {fileID: 400000, guid: b0eaf0bfa1185cf44939aca66164ecd7, type: 3}
      propertyPath: m_LocalRotation.w
      value: 0.95931214
      objectReference: {fileID: 0}
    - target: {fileID: 400000, guid: b0eaf0bfa1185cf44939aca66164ecd7, type: 3}
      propertyPath: m_RootOrder
      value: 1
      objectReference: {fileID: 0}
    - target: {fileID: 400000, guid: b0eaf0bfa1185cf44939aca66164ecd7, type: 3}
      propertyPath: m_LocalEulerAnglesHint.x
      value: 0
      objectReference: {fileID: 0}
    - target: {fileID: 400000, guid: b0eaf0bfa1185cf44939aca66164ecd7, type: 3}
      propertyPath: m_LocalEulerAnglesHint.y
      value: -32.801003
      objectReference: {fileID: 0}
    - target: {fileID: 400000, guid: b0eaf0bfa1185cf44939aca66164ecd7, type: 3}
      propertyPath: m_LocalEulerAnglesHint.z
      value: 0
      objectReference: {fileID: 0}
    m_RemovedComponents: []
  m_SourcePrefab: {fileID: 100100000, guid: b0eaf0bfa1185cf44939aca66164ecd7, type: 3}
--- !u!1001 &7953549500609546633
PrefabInstance:
  m_ObjectHideFlags: 0
  serializedVersion: 2
  m_Modification:
    m_TransformParent: {fileID: 5395934693817029002}
    m_Modifications:
    - target: {fileID: 100000, guid: ab5e6db91193a8d4790642113974a46a, type: 3}
      propertyPath: m_Name
      value: fi_vil_furniture_table02_02
      objectReference: {fileID: 0}
    - target: {fileID: 400000, guid: ab5e6db91193a8d4790642113974a46a, type: 3}
      propertyPath: m_LocalPosition.x
      value: 3.32
      objectReference: {fileID: 0}
    - target: {fileID: 400000, guid: ab5e6db91193a8d4790642113974a46a, type: 3}
      propertyPath: m_LocalPosition.y
      value: 0
      objectReference: {fileID: 0}
    - target: {fileID: 400000, guid: ab5e6db91193a8d4790642113974a46a, type: 3}
      propertyPath: m_LocalPosition.z
      value: -1.672
      objectReference: {fileID: 0}
    - target: {fileID: 400000, guid: ab5e6db91193a8d4790642113974a46a, type: 3}
      propertyPath: m_LocalRotation.x
      value: -0
      objectReference: {fileID: 0}
    - target: {fileID: 400000, guid: ab5e6db91193a8d4790642113974a46a, type: 3}
      propertyPath: m_LocalRotation.y
      value: -0.085382886
      objectReference: {fileID: 0}
    - target: {fileID: 400000, guid: ab5e6db91193a8d4790642113974a46a, type: 3}
      propertyPath: m_LocalRotation.z
      value: -0
      objectReference: {fileID: 0}
    - target: {fileID: 400000, guid: ab5e6db91193a8d4790642113974a46a, type: 3}
      propertyPath: m_LocalRotation.w
      value: 0.99634826
      objectReference: {fileID: 0}
    - target: {fileID: 400000, guid: ab5e6db91193a8d4790642113974a46a, type: 3}
      propertyPath: m_RootOrder
      value: 0
      objectReference: {fileID: 0}
    - target: {fileID: 400000, guid: ab5e6db91193a8d4790642113974a46a, type: 3}
      propertyPath: m_LocalEulerAnglesHint.x
      value: 0
      objectReference: {fileID: 0}
    - target: {fileID: 400000, guid: ab5e6db91193a8d4790642113974a46a, type: 3}
      propertyPath: m_LocalEulerAnglesHint.y
      value: -9.7960005
      objectReference: {fileID: 0}
    - target: {fileID: 400000, guid: ab5e6db91193a8d4790642113974a46a, type: 3}
      propertyPath: m_LocalEulerAnglesHint.z
      value: 0
      objectReference: {fileID: 0}
    m_RemovedComponents: []
  m_SourcePrefab: {fileID: 100100000, guid: ab5e6db91193a8d4790642113974a46a, type: 3}
--- !u!4 &7953549500609942281 stripped
Transform:
  m_CorrespondingSourceObject: {fileID: 400000, guid: ab5e6db91193a8d4790642113974a46a,
    type: 3}
  m_PrefabInstance: {fileID: 7953549500609546633}
  m_PrefabAsset: {fileID: 0}
--- !u!1001 &8036201119373294562
PrefabInstance:
  m_ObjectHideFlags: 0
  serializedVersion: 2
  m_Modification:
    m_TransformParent: {fileID: 7953549500609942281}
    m_Modifications:
    - target: {fileID: 100000, guid: 6e842c1a38f70a8429def328cc4706b2, type: 3}
      propertyPath: m_Name
      value: fi_vil_library_inkpot_quil02
      objectReference: {fileID: 0}
    - target: {fileID: 400000, guid: 6e842c1a38f70a8429def328cc4706b2, type: 3}
      propertyPath: m_LocalPosition.x
      value: 0.035289977
      objectReference: {fileID: 0}
    - target: {fileID: 400000, guid: 6e842c1a38f70a8429def328cc4706b2, type: 3}
      propertyPath: m_LocalPosition.y
      value: 0.909394
      objectReference: {fileID: 0}
    - target: {fileID: 400000, guid: 6e842c1a38f70a8429def328cc4706b2, type: 3}
      propertyPath: m_LocalPosition.z
      value: 0.35720393
      objectReference: {fileID: 0}
    - target: {fileID: 400000, guid: 6e842c1a38f70a8429def328cc4706b2, type: 3}
      propertyPath: m_LocalRotation.x
      value: -0
      objectReference: {fileID: 0}
    - target: {fileID: 400000, guid: 6e842c1a38f70a8429def328cc4706b2, type: 3}
      propertyPath: m_LocalRotation.y
      value: 0.085382886
      objectReference: {fileID: 0}
    - target: {fileID: 400000, guid: 6e842c1a38f70a8429def328cc4706b2, type: 3}
      propertyPath: m_LocalRotation.z
      value: -0
      objectReference: {fileID: 0}
    - target: {fileID: 400000, guid: 6e842c1a38f70a8429def328cc4706b2, type: 3}
      propertyPath: m_LocalRotation.w
      value: 0.99634826
      objectReference: {fileID: 0}
    - target: {fileID: 400000, guid: 6e842c1a38f70a8429def328cc4706b2, type: 3}
      propertyPath: m_RootOrder
      value: 3
      objectReference: {fileID: 0}
    - target: {fileID: 400000, guid: 6e842c1a38f70a8429def328cc4706b2, type: 3}
      propertyPath: m_LocalEulerAnglesHint.x
      value: 0
      objectReference: {fileID: 0}
    - target: {fileID: 400000, guid: 6e842c1a38f70a8429def328cc4706b2, type: 3}
      propertyPath: m_LocalEulerAnglesHint.y
      value: 0
      objectReference: {fileID: 0}
    - target: {fileID: 400000, guid: 6e842c1a38f70a8429def328cc4706b2, type: 3}
      propertyPath: m_LocalEulerAnglesHint.z
      value: 0
      objectReference: {fileID: 0}
    m_RemovedComponents: []
  m_SourcePrefab: {fileID: 100100000, guid: 6e842c1a38f70a8429def328cc4706b2, type: 3}
--- !u!1001 &8059938521381574535
PrefabInstance:
  m_ObjectHideFlags: 0
  serializedVersion: 2
  m_Modification:
    m_TransformParent: {fileID: 6131235048668737671}
    m_Modifications:
    - target: {fileID: 100000, guid: 96bf12cc5444d064ab635c355a854192, type: 3}
      propertyPath: m_Name
      value: fi_vil_library_scroll02b
      objectReference: {fileID: 0}
    - target: {fileID: 400000, guid: 96bf12cc5444d064ab635c355a854192, type: 3}
      propertyPath: m_LocalPosition.x
      value: -0.2671734
      objectReference: {fileID: 0}
    - target: {fileID: 400000, guid: 96bf12cc5444d064ab635c355a854192, type: 3}
      propertyPath: m_LocalPosition.y
      value: 0.90208685
      objectReference: {fileID: 0}
    - target: {fileID: 400000, guid: 96bf12cc5444d064ab635c355a854192, type: 3}
      propertyPath: m_LocalPosition.z
      value: 0.67658514
      objectReference: {fileID: 0}
    - target: {fileID: 400000, guid: 96bf12cc5444d064ab635c355a854192, type: 3}
      propertyPath: m_LocalRotation.x
      value: -0
      objectReference: {fileID: 0}
    - target: {fileID: 400000, guid: 96bf12cc5444d064ab635c355a854192, type: 3}
      propertyPath: m_LocalRotation.y
      value: -0.049381062
      objectReference: {fileID: 0}
    - target: {fileID: 400000, guid: 96bf12cc5444d064ab635c355a854192, type: 3}
      propertyPath: m_LocalRotation.z
      value: -0
      objectReference: {fileID: 0}
    - target: {fileID: 400000, guid: 96bf12cc5444d064ab635c355a854192, type: 3}
      propertyPath: m_LocalRotation.w
      value: 0.9987801
      objectReference: {fileID: 0}
    - target: {fileID: 400000, guid: 96bf12cc5444d064ab635c355a854192, type: 3}
      propertyPath: m_RootOrder
      value: 4
      objectReference: {fileID: 0}
    - target: {fileID: 400000, guid: 96bf12cc5444d064ab635c355a854192, type: 3}
      propertyPath: m_LocalEulerAnglesHint.x
      value: 0
      objectReference: {fileID: 0}
    - target: {fileID: 400000, guid: 96bf12cc5444d064ab635c355a854192, type: 3}
      propertyPath: m_LocalEulerAnglesHint.y
      value: 17.33
      objectReference: {fileID: 0}
    - target: {fileID: 400000, guid: 96bf12cc5444d064ab635c355a854192, type: 3}
      propertyPath: m_LocalEulerAnglesHint.z
      value: 0
      objectReference: {fileID: 0}
    m_RemovedComponents: []
  m_SourcePrefab: {fileID: 100100000, guid: 96bf12cc5444d064ab635c355a854192, type: 3}
--- !u!1001 &8089055531904368549
PrefabInstance:
  m_ObjectHideFlags: 0
  serializedVersion: 2
  m_Modification:
    m_TransformParent: {fileID: 5395934693817029002}
    m_Modifications:
    - target: {fileID: 100000, guid: 80b2131a36d41da43b813f72f1ddb69e, type: 3}
      propertyPath: m_Name
      value: fi_vil_furniture_table03_03
      objectReference: {fileID: 0}
    - target: {fileID: 400000, guid: 80b2131a36d41da43b813f72f1ddb69e, type: 3}
      propertyPath: m_LocalPosition.x
      value: 0.7131756
      objectReference: {fileID: 0}
    - target: {fileID: 400000, guid: 80b2131a36d41da43b813f72f1ddb69e, type: 3}
      propertyPath: m_LocalPosition.y
      value: 0
      objectReference: {fileID: 0}
    - target: {fileID: 400000, guid: 80b2131a36d41da43b813f72f1ddb69e, type: 3}
      propertyPath: m_LocalPosition.z
      value: 1.974
      objectReference: {fileID: 0}
    - target: {fileID: 400000, guid: 80b2131a36d41da43b813f72f1ddb69e, type: 3}
      propertyPath: m_LocalRotation.x
      value: -0
      objectReference: {fileID: 0}
    - target: {fileID: 400000, guid: 80b2131a36d41da43b813f72f1ddb69e, type: 3}
      propertyPath: m_LocalRotation.y
      value: -0
      objectReference: {fileID: 0}
    - target: {fileID: 400000, guid: 80b2131a36d41da43b813f72f1ddb69e, type: 3}
      propertyPath: m_LocalRotation.z
      value: -0
      objectReference: {fileID: 0}
    - target: {fileID: 400000, guid: 80b2131a36d41da43b813f72f1ddb69e, type: 3}
      propertyPath: m_LocalRotation.w
      value: 1
      objectReference: {fileID: 0}
    - target: {fileID: 400000, guid: 80b2131a36d41da43b813f72f1ddb69e, type: 3}
      propertyPath: m_RootOrder
      value: 1
      objectReference: {fileID: 0}
    - target: {fileID: 400000, guid: 80b2131a36d41da43b813f72f1ddb69e, type: 3}
      propertyPath: m_LocalEulerAnglesHint.x
      value: 0
      objectReference: {fileID: 0}
    - target: {fileID: 400000, guid: 80b2131a36d41da43b813f72f1ddb69e, type: 3}
      propertyPath: m_LocalEulerAnglesHint.y
      value: 0
      objectReference: {fileID: 0}
    - target: {fileID: 400000, guid: 80b2131a36d41da43b813f72f1ddb69e, type: 3}
      propertyPath: m_LocalEulerAnglesHint.z
      value: 0
      objectReference: {fileID: 0}
    m_RemovedComponents: []
  m_SourcePrefab: {fileID: 100100000, guid: 80b2131a36d41da43b813f72f1ddb69e, type: 3}
--- !u!4 &8089055531904754981 stripped
Transform:
  m_CorrespondingSourceObject: {fileID: 400000, guid: 80b2131a36d41da43b813f72f1ddb69e,
    type: 3}
  m_PrefabInstance: {fileID: 8089055531904368549}
  m_PrefabAsset: {fileID: 0}
--- !u!1001 &8411919018629553534
PrefabInstance:
  m_ObjectHideFlags: 0
  serializedVersion: 2
  m_Modification:
    m_TransformParent: {fileID: 7953549500609942281}
    m_Modifications:
    - target: {fileID: 100000, guid: 24f0548dbe2412447ba389d249d09ce1, type: 3}
      propertyPath: m_Name
      value: fi_vil_library_envelope_back
      objectReference: {fileID: 0}
    - target: {fileID: 400000, guid: 24f0548dbe2412447ba389d249d09ce1, type: 3}
      propertyPath: m_LocalPosition.x
      value: 0.003827964
      objectReference: {fileID: 0}
    - target: {fileID: 400000, guid: 24f0548dbe2412447ba389d249d09ce1, type: 3}
      propertyPath: m_LocalPosition.y
      value: 0.902087
      objectReference: {fileID: 0}
    - target: {fileID: 400000, guid: 24f0548dbe2412447ba389d249d09ce1, type: 3}
      propertyPath: m_LocalPosition.z
      value: 0.092700325
      objectReference: {fileID: 0}
    - target: {fileID: 400000, guid: 24f0548dbe2412447ba389d249d09ce1, type: 3}
      propertyPath: m_LocalRotation.x
      value: -0
      objectReference: {fileID: 0}
    - target: {fileID: 400000, guid: 24f0548dbe2412447ba389d249d09ce1, type: 3}
      propertyPath: m_LocalRotation.y
      value: 0.47063208
      objectReference: {fileID: 0}
    - target: {fileID: 400000, guid: 24f0548dbe2412447ba389d249d09ce1, type: 3}
      propertyPath: m_LocalRotation.z
      value: -0
      objectReference: {fileID: 0}
    - target: {fileID: 400000, guid: 24f0548dbe2412447ba389d249d09ce1, type: 3}
      propertyPath: m_LocalRotation.w
      value: 0.8823295
      objectReference: {fileID: 0}
    - target: {fileID: 400000, guid: 24f0548dbe2412447ba389d249d09ce1, type: 3}
      propertyPath: m_RootOrder
      value: 4
      objectReference: {fileID: 0}
    - target: {fileID: 400000, guid: 24f0548dbe2412447ba389d249d09ce1, type: 3}
      propertyPath: m_LocalEulerAnglesHint.x
      value: 0
      objectReference: {fileID: 0}
    - target: {fileID: 400000, guid: 24f0548dbe2412447ba389d249d09ce1, type: 3}
      propertyPath: m_LocalEulerAnglesHint.y
      value: 46.355003
      objectReference: {fileID: 0}
    - target: {fileID: 400000, guid: 24f0548dbe2412447ba389d249d09ce1, type: 3}
      propertyPath: m_LocalEulerAnglesHint.z
      value: 0
      objectReference: {fileID: 0}
    m_RemovedComponents: []
  m_SourcePrefab: {fileID: 100100000, guid: 24f0548dbe2412447ba389d249d09ce1, type: 3}
--- !u!1001 &8544654207500442923
PrefabInstance:
  m_ObjectHideFlags: 0
  serializedVersion: 2
  m_Modification:
    m_TransformParent: {fileID: 7953549500609942281}
    m_Modifications:
    - target: {fileID: 100000, guid: b390180a8c6fb164693223c34d1d85e1, type: 3}
      propertyPath: m_Name
      value: fi_vil_library_envelope_doublesided
      objectReference: {fileID: 0}
    - target: {fileID: 400000, guid: b390180a8c6fb164693223c34d1d85e1, type: 3}
      propertyPath: m_LocalPosition.x
      value: 0.18101957
      objectReference: {fileID: 0}
    - target: {fileID: 400000, guid: b390180a8c6fb164693223c34d1d85e1, type: 3}
      propertyPath: m_LocalPosition.y
      value: 0.902087
      objectReference: {fileID: 0}
    - target: {fileID: 400000, guid: b390180a8c6fb164693223c34d1d85e1, type: 3}
      propertyPath: m_LocalPosition.z
      value: -0.1388231
      objectReference: {fileID: 0}
    - target: {fileID: 400000, guid: b390180a8c6fb164693223c34d1d85e1, type: 3}
      propertyPath: m_LocalRotation.x
      value: -0
      objectReference: {fileID: 0}
    - target: {fileID: 400000, guid: b390180a8c6fb164693223c34d1d85e1, type: 3}
      propertyPath: m_LocalRotation.y
      value: 0.085382886
      objectReference: {fileID: 0}
    - target: {fileID: 400000, guid: b390180a8c6fb164693223c34d1d85e1, type: 3}
      propertyPath: m_LocalRotation.z
      value: -0
      objectReference: {fileID: 0}
    - target: {fileID: 400000, guid: b390180a8c6fb164693223c34d1d85e1, type: 3}
      propertyPath: m_LocalRotation.w
      value: 0.99634826
      objectReference: {fileID: 0}
    - target: {fileID: 400000, guid: b390180a8c6fb164693223c34d1d85e1, type: 3}
      propertyPath: m_RootOrder
      value: 2
      objectReference: {fileID: 0}
    - target: {fileID: 400000, guid: b390180a8c6fb164693223c34d1d85e1, type: 3}
      propertyPath: m_LocalEulerAnglesHint.x
      value: 0
      objectReference: {fileID: 0}
    - target: {fileID: 400000, guid: b390180a8c6fb164693223c34d1d85e1, type: 3}
      propertyPath: m_LocalEulerAnglesHint.y
      value: 0
      objectReference: {fileID: 0}
    - target: {fileID: 400000, guid: b390180a8c6fb164693223c34d1d85e1, type: 3}
      propertyPath: m_LocalEulerAnglesHint.z
      value: 0
      objectReference: {fileID: 0}
    m_RemovedComponents: []
  m_SourcePrefab: {fileID: 100100000, guid: b390180a8c6fb164693223c34d1d85e1, type: 3}
--- !u!1001 &8577354018232609434
PrefabInstance:
  m_ObjectHideFlags: 0
  serializedVersion: 2
  m_Modification:
    m_TransformParent: {fileID: 1483521097657681741}
    m_Modifications:
    - target: {fileID: 100000, guid: 8d44f667a504d9f4cbdef18d7eb83a71, type: 3}
      propertyPath: m_Name
      value: fi_vil_library_scrolls_pile2
      objectReference: {fileID: 0}
    - target: {fileID: 400000, guid: 8d44f667a504d9f4cbdef18d7eb83a71, type: 3}
      propertyPath: m_LocalPosition.x
      value: -0.22379333
      objectReference: {fileID: 0}
    - target: {fileID: 400000, guid: 8d44f667a504d9f4cbdef18d7eb83a71, type: 3}
      propertyPath: m_LocalPosition.y
      value: 0.90208685
      objectReference: {fileID: 0}
    - target: {fileID: 400000, guid: 8d44f667a504d9f4cbdef18d7eb83a71, type: 3}
      propertyPath: m_LocalPosition.z
      value: 0.43400002
      objectReference: {fileID: 0}
    - target: {fileID: 400000, guid: 8d44f667a504d9f4cbdef18d7eb83a71, type: 3}
      propertyPath: m_LocalRotation.x
      value: -0
      objectReference: {fileID: 0}
    - target: {fileID: 400000, guid: 8d44f667a504d9f4cbdef18d7eb83a71, type: 3}
      propertyPath: m_LocalRotation.y
      value: 0.7441368
      objectReference: {fileID: 0}
    - target: {fileID: 400000, guid: 8d44f667a504d9f4cbdef18d7eb83a71, type: 3}
      propertyPath: m_LocalRotation.z
      value: -0
      objectReference: {fileID: 0}
    - target: {fileID: 400000, guid: 8d44f667a504d9f4cbdef18d7eb83a71, type: 3}
      propertyPath: m_LocalRotation.w
      value: 0.66802734
      objectReference: {fileID: 0}
    - target: {fileID: 400000, guid: 8d44f667a504d9f4cbdef18d7eb83a71, type: 3}
      propertyPath: m_RootOrder
      value: 3
      objectReference: {fileID: 0}
    - target: {fileID: 400000, guid: 8d44f667a504d9f4cbdef18d7eb83a71, type: 3}
      propertyPath: m_LocalEulerAnglesHint.x
      value: 0
      objectReference: {fileID: 0}
    - target: {fileID: 400000, guid: 8d44f667a504d9f4cbdef18d7eb83a71, type: 3}
      propertyPath: m_LocalEulerAnglesHint.y
      value: 96.170006
      objectReference: {fileID: 0}
    - target: {fileID: 400000, guid: 8d44f667a504d9f4cbdef18d7eb83a71, type: 3}
      propertyPath: m_LocalEulerAnglesHint.z
      value: 0
      objectReference: {fileID: 0}
    m_RemovedComponents: []
  m_SourcePrefab: {fileID: 100100000, guid: 8d44f667a504d9f4cbdef18d7eb83a71, type: 3}
