%YAML 1.1
%TAG !u! tag:unity3d.com,2011:
--- !u!1 &8100626108714984186
GameObject:
  m_ObjectHideFlags: 0
  m_CorrespondingSourceObject: {fileID: 0}
  m_PrefabInstance: {fileID: 0}
  m_PrefabAsset: {fileID: 0}
  serializedVersion: 6
  m_Component:
  - component: {fileID: 8100626108714984185}
  m_Layer: 0
  m_Name: Potter06
  m_TagString: Untagged
  m_Icon: {fileID: 0}
  m_NavMeshLayer: 0
  m_StaticEditorFlags: 0
  m_IsActive: 1
--- !u!4 &8100626108714984185
Transform:
  m_ObjectHideFlags: 0
  m_CorrespondingSourceObject: {fileID: 0}
  m_PrefabInstance: {fileID: 0}
  m_PrefabAsset: {fileID: 0}
  m_GameObject: {fileID: 8100626108714984186}
  m_LocalRotation: {x: -0, y: -0, z: -0, w: 1}
  m_LocalPosition: {x: 0, y: 0, z: 0}
  m_LocalScale: {x: 1, y: 1, z: 1}
  m_Children:
  - {fileID: 8100626108729424732}
  - {fileID: 7884194704926802501}
  m_Father: {fileID: 0}
  m_RootOrder: 0
  m_LocalEulerAnglesHint: {x: 0, y: 0, z: 0}
--- !u!1 &8100626108729424733
GameObject:
  m_ObjectHideFlags: 0
  m_CorrespondingSourceObject: {fileID: 0}
  m_PrefabInstance: {fileID: 0}
  m_PrefabAsset: {fileID: 0}
  serializedVersion: 6
  m_Component:
  - component: {fileID: 8100626108729424732}
  m_Layer: 0
  m_Name: Props
  m_TagString: Untagged
  m_Icon: {fileID: 0}
  m_NavMeshLayer: 0
  m_StaticEditorFlags: 0
  m_IsActive: 1
--- !u!4 &8100626108729424732
Transform:
  m_ObjectHideFlags: 0
  m_CorrespondingSourceObject: {fileID: 0}
  m_PrefabInstance: {fileID: 0}
  m_PrefabAsset: {fileID: 0}
  m_GameObject: {fileID: 8100626108729424733}
  m_LocalRotation: {x: -0, y: -0, z: -0, w: 1}
  m_LocalPosition: {x: 0, y: 0, z: 0}
  m_LocalScale: {x: 1, y: 1, z: 1}
  m_Children:
  - {fileID: 6237451968071638397}
  - {fileID: 6309280186408040321}
  - {fileID: 1164096039295478332}
  - {fileID: 3307521236667314916}
  - {fileID: 1805943829506894367}
  - {fileID: 7738573844312862710}
  - {fileID: 8410795169083729798}
  - {fileID: 3936389708275063725}
  - {fileID: 1498668382270898657}
  - {fileID: 427218769553078928}
  - {fileID: 6897354030210407774}
  - {fileID: 7848423881426120734}
  - {fileID: 1504806592615864038}
  - {fileID: 5729035578856547513}
  - {fileID: 8856677971922509717}
  - {fileID: 6825385078109419426}
  - {fileID: 926187102501305011}
  - {fileID: 8576986289768271098}
  - {fileID: 9098539982801041400}
  - {fileID: 2215972154070297369}
  - {fileID: 9047334534340339621}
  - {fileID: 8734084950084764986}
  - {fileID: 4383847112915690935}
  - {fileID: 5003271689283082035}
  - {fileID: 6178307123004812909}
  - {fileID: 8390489996816427894}
  m_Father: {fileID: 8100626108714984185}
  m_RootOrder: 0
  m_LocalEulerAnglesHint: {x: 0, y: 0, z: 0}
--- !u!1001 &427218769552678928
PrefabInstance:
  m_ObjectHideFlags: 0
  serializedVersion: 2
  m_Modification:
    m_TransformParent: {fileID: 8100626108729424732}
    m_Modifications:
    - target: {fileID: 100000, guid: f26863703f9a90f47a84ea4d7255fc27, type: 3}
      propertyPath: m_Name
      value: fi_vil_combs_props_urn02a
      objectReference: {fileID: 0}
    - target: {fileID: 400000, guid: f26863703f9a90f47a84ea4d7255fc27, type: 3}
      propertyPath: m_LocalPosition.x
      value: 2.731
      objectReference: {fileID: 0}
    - target: {fileID: 400000, guid: f26863703f9a90f47a84ea4d7255fc27, type: 3}
      propertyPath: m_LocalPosition.y
      value: 0
      objectReference: {fileID: 0}
    - target: {fileID: 400000, guid: f26863703f9a90f47a84ea4d7255fc27, type: 3}
      propertyPath: m_LocalPosition.z
      value: 1.844
      objectReference: {fileID: 0}
    - target: {fileID: 400000, guid: f26863703f9a90f47a84ea4d7255fc27, type: 3}
      propertyPath: m_LocalRotation.x
      value: -0
      objectReference: {fileID: 0}
    - target: {fileID: 400000, guid: f26863703f9a90f47a84ea4d7255fc27, type: 3}
      propertyPath: m_LocalRotation.y
      value: -0
      objectReference: {fileID: 0}
    - target: {fileID: 400000, guid: f26863703f9a90f47a84ea4d7255fc27, type: 3}
      propertyPath: m_LocalRotation.z
      value: -0
      objectReference: {fileID: 0}
    - target: {fileID: 400000, guid: f26863703f9a90f47a84ea4d7255fc27, type: 3}
      propertyPath: m_LocalRotation.w
      value: 1
      objectReference: {fileID: 0}
    - target: {fileID: 400000, guid: f26863703f9a90f47a84ea4d7255fc27, type: 3}
      propertyPath: m_RootOrder
      value: 9
      objectReference: {fileID: 0}
    - target: {fileID: 400000, guid: f26863703f9a90f47a84ea4d7255fc27, type: 3}
      propertyPath: m_LocalEulerAnglesHint.x
      value: 0
      objectReference: {fileID: 0}
    - target: {fileID: 400000, guid: f26863703f9a90f47a84ea4d7255fc27, type: 3}
      propertyPath: m_LocalEulerAnglesHint.y
      value: 0
      objectReference: {fileID: 0}
    - target: {fileID: 400000, guid: f26863703f9a90f47a84ea4d7255fc27, type: 3}
      propertyPath: m_LocalEulerAnglesHint.z
      value: 0
      objectReference: {fileID: 0}
    - target: {fileID: 400000, guid: f26863703f9a90f47a84ea4d7255fc27, type: 3}
      propertyPath: m_LocalScale.x
      value: 0.84773
      objectReference: {fileID: 0}
    - target: {fileID: 400000, guid: f26863703f9a90f47a84ea4d7255fc27, type: 3}
      propertyPath: m_LocalScale.y
      value: 0.84773
      objectReference: {fileID: 0}
    - target: {fileID: 400000, guid: f26863703f9a90f47a84ea4d7255fc27, type: 3}
      propertyPath: m_LocalScale.z
      value: 0.84773
      objectReference: {fileID: 0}
    m_RemovedComponents: []
  m_SourcePrefab: {fileID: 100100000, guid: f26863703f9a90f47a84ea4d7255fc27, type: 3}
--- !u!4 &427218769553078928 stripped
Transform:
  m_CorrespondingSourceObject: {fileID: 400000, guid: f26863703f9a90f47a84ea4d7255fc27,
    type: 3}
  m_PrefabInstance: {fileID: 427218769552678928}
  m_PrefabAsset: {fileID: 0}
--- !u!1001 &926187102501429299
PrefabInstance:
  m_ObjectHideFlags: 0
  serializedVersion: 2
  m_Modification:
    m_TransformParent: {fileID: 8100626108729424732}
    m_Modifications:
    - target: {fileID: 100000, guid: f26863703f9a90f47a84ea4d7255fc27, type: 3}
      propertyPath: m_Name
      value: fi_vil_combs_props_urn02a
      objectReference: {fileID: 0}
    - target: {fileID: 400000, guid: f26863703f9a90f47a84ea4d7255fc27, type: 3}
      propertyPath: m_LocalPosition.x
      value: -2.977
      objectReference: {fileID: 0}
    - target: {fileID: 400000, guid: f26863703f9a90f47a84ea4d7255fc27, type: 3}
      propertyPath: m_LocalPosition.y
      value: 0
      objectReference: {fileID: 0}
    - target: {fileID: 400000, guid: f26863703f9a90f47a84ea4d7255fc27, type: 3}
      propertyPath: m_LocalPosition.z
      value: 1.69
      objectReference: {fileID: 0}
    - target: {fileID: 400000, guid: f26863703f9a90f47a84ea4d7255fc27, type: 3}
      propertyPath: m_LocalRotation.x
      value: -0
      objectReference: {fileID: 0}
    - target: {fileID: 400000, guid: f26863703f9a90f47a84ea4d7255fc27, type: 3}
      propertyPath: m_LocalRotation.y
      value: -0
      objectReference: {fileID: 0}
    - target: {fileID: 400000, guid: f26863703f9a90f47a84ea4d7255fc27, type: 3}
      propertyPath: m_LocalRotation.z
      value: -0
      objectReference: {fileID: 0}
    - target: {fileID: 400000, guid: f26863703f9a90f47a84ea4d7255fc27, type: 3}
      propertyPath: m_LocalRotation.w
      value: 1
      objectReference: {fileID: 0}
    - target: {fileID: 400000, guid: f26863703f9a90f47a84ea4d7255fc27, type: 3}
      propertyPath: m_RootOrder
      value: 16
      objectReference: {fileID: 0}
    - target: {fileID: 400000, guid: f26863703f9a90f47a84ea4d7255fc27, type: 3}
      propertyPath: m_LocalEulerAnglesHint.x
      value: 0
      objectReference: {fileID: 0}
    - target: {fileID: 400000, guid: f26863703f9a90f47a84ea4d7255fc27, type: 3}
      propertyPath: m_LocalEulerAnglesHint.y
      value: 0
      objectReference: {fileID: 0}
    - target: {fileID: 400000, guid: f26863703f9a90f47a84ea4d7255fc27, type: 3}
      propertyPath: m_LocalEulerAnglesHint.z
      value: 0
      objectReference: {fileID: 0}
    - target: {fileID: 400000, guid: f26863703f9a90f47a84ea4d7255fc27, type: 3}
      propertyPath: m_LocalScale.x
      value: 0.5739895
      objectReference: {fileID: 0}
    - target: {fileID: 400000, guid: f26863703f9a90f47a84ea4d7255fc27, type: 3}
      propertyPath: m_LocalScale.y
      value: 0.5739895
      objectReference: {fileID: 0}
    - target: {fileID: 400000, guid: f26863703f9a90f47a84ea4d7255fc27, type: 3}
      propertyPath: m_LocalScale.z
      value: 0.5739895
      objectReference: {fileID: 0}
    m_RemovedComponents: []
  m_SourcePrefab: {fileID: 100100000, guid: f26863703f9a90f47a84ea4d7255fc27, type: 3}
--- !u!4 &926187102501305011 stripped
Transform:
  m_CorrespondingSourceObject: {fileID: 400000, guid: f26863703f9a90f47a84ea4d7255fc27,
    type: 3}
  m_PrefabInstance: {fileID: 926187102501429299}
  m_PrefabAsset: {fileID: 0}
--- !u!1001 &1164096039295348924
PrefabInstance:
  m_ObjectHideFlags: 0
  serializedVersion: 2
  m_Modification:
    m_TransformParent: {fileID: 8100626108729424732}
    m_Modifications:
    - target: {fileID: 100000, guid: f0487148d8cf3f740af269b25886a6a6, type: 3}
      propertyPath: m_Name
      value: fi_vil_combs_props_urn06c
      objectReference: {fileID: 0}
    - target: {fileID: 400000, guid: f0487148d8cf3f740af269b25886a6a6, type: 3}
      propertyPath: m_LocalPosition.x
      value: -1.731
      objectReference: {fileID: 0}
    - target: {fileID: 400000, guid: f0487148d8cf3f740af269b25886a6a6, type: 3}
      propertyPath: m_LocalPosition.y
      value: 0
      objectReference: {fileID: 0}
    - target: {fileID: 400000, guid: f0487148d8cf3f740af269b25886a6a6, type: 3}
      propertyPath: m_LocalPosition.z
      value: -1.748
      objectReference: {fileID: 0}
    - target: {fileID: 400000, guid: f0487148d8cf3f740af269b25886a6a6, type: 3}
      propertyPath: m_LocalRotation.x
      value: -0
      objectReference: {fileID: 0}
    - target: {fileID: 400000, guid: f0487148d8cf3f740af269b25886a6a6, type: 3}
      propertyPath: m_LocalRotation.y
      value: 0.29197744
      objectReference: {fileID: 0}
    - target: {fileID: 400000, guid: f0487148d8cf3f740af269b25886a6a6, type: 3}
      propertyPath: m_LocalRotation.z
      value: -0
      objectReference: {fileID: 0}
    - target: {fileID: 400000, guid: f0487148d8cf3f740af269b25886a6a6, type: 3}
      propertyPath: m_LocalRotation.w
      value: 0.95642525
      objectReference: {fileID: 0}
    - target: {fileID: 400000, guid: f0487148d8cf3f740af269b25886a6a6, type: 3}
      propertyPath: m_RootOrder
      value: 2
      objectReference: {fileID: 0}
    - target: {fileID: 400000, guid: f0487148d8cf3f740af269b25886a6a6, type: 3}
      propertyPath: m_LocalEulerAnglesHint.x
      value: 0
      objectReference: {fileID: 0}
    - target: {fileID: 400000, guid: f0487148d8cf3f740af269b25886a6a6, type: 3}
      propertyPath: m_LocalEulerAnglesHint.y
      value: 33.953003
      objectReference: {fileID: 0}
    - target: {fileID: 400000, guid: f0487148d8cf3f740af269b25886a6a6, type: 3}
      propertyPath: m_LocalEulerAnglesHint.z
      value: 0
      objectReference: {fileID: 0}
    - target: {fileID: 400000, guid: f0487148d8cf3f740af269b25886a6a6, type: 3}
      propertyPath: m_LocalScale.x
      value: 0.63751
      objectReference: {fileID: 0}
    - target: {fileID: 400000, guid: f0487148d8cf3f740af269b25886a6a6, type: 3}
      propertyPath: m_LocalScale.y
      value: 0.63751
      objectReference: {fileID: 0}
    - target: {fileID: 400000, guid: f0487148d8cf3f740af269b25886a6a6, type: 3}
      propertyPath: m_LocalScale.z
      value: 0.63751
      objectReference: {fileID: 0}
    m_RemovedComponents: []
  m_SourcePrefab: {fileID: 100100000, guid: f0487148d8cf3f740af269b25886a6a6, type: 3}
--- !u!4 &1164096039295478332 stripped
Transform:
  m_CorrespondingSourceObject: {fileID: 400000, guid: f0487148d8cf3f740af269b25886a6a6,
    type: 3}
  m_PrefabInstance: {fileID: 1164096039295348924}
  m_PrefabAsset: {fileID: 0}
--- !u!1001 &1498668382270774113
PrefabInstance:
  m_ObjectHideFlags: 0
  serializedVersion: 2
  m_Modification:
    m_TransformParent: {fileID: 8100626108729424732}
    m_Modifications:
    - target: {fileID: 100000, guid: e1ebe8f198fde4346a8b10f4da5816d9, type: 3}
      propertyPath: m_Name
      value: fi_vil_combs_props_urn01c
      objectReference: {fileID: 0}
    - target: {fileID: 400000, guid: e1ebe8f198fde4346a8b10f4da5816d9, type: 3}
      propertyPath: m_LocalPosition.x
      value: -0.069
      objectReference: {fileID: 0}
    - target: {fileID: 400000, guid: e1ebe8f198fde4346a8b10f4da5816d9, type: 3}
      propertyPath: m_LocalPosition.y
      value: 0
      objectReference: {fileID: 0}
    - target: {fileID: 400000, guid: e1ebe8f198fde4346a8b10f4da5816d9, type: 3}
      propertyPath: m_LocalPosition.z
      value: -0.467
      objectReference: {fileID: 0}
    - target: {fileID: 400000, guid: e1ebe8f198fde4346a8b10f4da5816d9, type: 3}
      propertyPath: m_LocalRotation.x
      value: -0
      objectReference: {fileID: 0}
    - target: {fileID: 400000, guid: e1ebe8f198fde4346a8b10f4da5816d9, type: 3}
      propertyPath: m_LocalRotation.y
      value: 0.3173789
      objectReference: {fileID: 0}
    - target: {fileID: 400000, guid: e1ebe8f198fde4346a8b10f4da5816d9, type: 3}
      propertyPath: m_LocalRotation.z
      value: -0
      objectReference: {fileID: 0}
    - target: {fileID: 400000, guid: e1ebe8f198fde4346a8b10f4da5816d9, type: 3}
      propertyPath: m_LocalRotation.w
      value: 0.9482988
      objectReference: {fileID: 0}
    - target: {fileID: 400000, guid: e1ebe8f198fde4346a8b10f4da5816d9, type: 3}
      propertyPath: m_RootOrder
      value: 8
      objectReference: {fileID: 0}
    - target: {fileID: 400000, guid: e1ebe8f198fde4346a8b10f4da5816d9, type: 3}
      propertyPath: m_LocalEulerAnglesHint.x
      value: 0
      objectReference: {fileID: 0}
    - target: {fileID: 400000, guid: e1ebe8f198fde4346a8b10f4da5816d9, type: 3}
      propertyPath: m_LocalEulerAnglesHint.y
      value: 37.009003
      objectReference: {fileID: 0}
    - target: {fileID: 400000, guid: e1ebe8f198fde4346a8b10f4da5816d9, type: 3}
      propertyPath: m_LocalEulerAnglesHint.z
      value: 0
      objectReference: {fileID: 0}
    - target: {fileID: 400000, guid: e1ebe8f198fde4346a8b10f4da5816d9, type: 3}
      propertyPath: m_LocalScale.x
      value: 0.84773
      objectReference: {fileID: 0}
    - target: {fileID: 400000, guid: e1ebe8f198fde4346a8b10f4da5816d9, type: 3}
      propertyPath: m_LocalScale.y
      value: 0.84773
      objectReference: {fileID: 0}
    - target: {fileID: 400000, guid: e1ebe8f198fde4346a8b10f4da5816d9, type: 3}
      propertyPath: m_LocalScale.z
      value: 0.84773
      objectReference: {fileID: 0}
    m_RemovedComponents: []
  m_SourcePrefab: {fileID: 100100000, guid: e1ebe8f198fde4346a8b10f4da5816d9, type: 3}
--- !u!4 &1498668382270898657 stripped
Transform:
  m_CorrespondingSourceObject: {fileID: 400000, guid: e1ebe8f198fde4346a8b10f4da5816d9,
    type: 3}
  m_PrefabInstance: {fileID: 1498668382270774113}
  m_PrefabAsset: {fileID: 0}
--- !u!1001 &1504806592616254566
PrefabInstance:
  m_ObjectHideFlags: 0
  serializedVersion: 2
  m_Modification:
    m_TransformParent: {fileID: 8100626108729424732}
    m_Modifications:
    - target: {fileID: 100000, guid: f0487148d8cf3f740af269b25886a6a6, type: 3}
      propertyPath: m_Name
      value: fi_vil_combs_props_urn06c
      objectReference: {fileID: 0}
    - target: {fileID: 400000, guid: f0487148d8cf3f740af269b25886a6a6, type: 3}
      propertyPath: m_LocalPosition.x
      value: 3.106
      objectReference: {fileID: 0}
    - target: {fileID: 400000, guid: f0487148d8cf3f740af269b25886a6a6, type: 3}
      propertyPath: m_LocalPosition.y
      value: 0
      objectReference: {fileID: 0}
    - target: {fileID: 400000, guid: f0487148d8cf3f740af269b25886a6a6, type: 3}
      propertyPath: m_LocalPosition.z
      value: -1.823
      objectReference: {fileID: 0}
    - target: {fileID: 400000, guid: f0487148d8cf3f740af269b25886a6a6, type: 3}
      propertyPath: m_LocalRotation.x
      value: -0
      objectReference: {fileID: 0}
    - target: {fileID: 400000, guid: f0487148d8cf3f740af269b25886a6a6, type: 3}
      propertyPath: m_LocalRotation.y
      value: -0
      objectReference: {fileID: 0}
    - target: {fileID: 400000, guid: f0487148d8cf3f740af269b25886a6a6, type: 3}
      propertyPath: m_LocalRotation.z
      value: -0
      objectReference: {fileID: 0}
    - target: {fileID: 400000, guid: f0487148d8cf3f740af269b25886a6a6, type: 3}
      propertyPath: m_LocalRotation.w
      value: 1
      objectReference: {fileID: 0}
    - target: {fileID: 400000, guid: f0487148d8cf3f740af269b25886a6a6, type: 3}
      propertyPath: m_RootOrder
      value: 12
      objectReference: {fileID: 0}
    - target: {fileID: 400000, guid: f0487148d8cf3f740af269b25886a6a6, type: 3}
      propertyPath: m_LocalEulerAnglesHint.x
      value: 0
      objectReference: {fileID: 0}
    - target: {fileID: 400000, guid: f0487148d8cf3f740af269b25886a6a6, type: 3}
      propertyPath: m_LocalEulerAnglesHint.y
      value: 0
      objectReference: {fileID: 0}
    - target: {fileID: 400000, guid: f0487148d8cf3f740af269b25886a6a6, type: 3}
      propertyPath: m_LocalEulerAnglesHint.z
      value: 0
      objectReference: {fileID: 0}
    - target: {fileID: 400000, guid: f0487148d8cf3f740af269b25886a6a6, type: 3}
      propertyPath: m_LocalScale.x
      value: 0.43165165
      objectReference: {fileID: 0}
    - target: {fileID: 400000, guid: f0487148d8cf3f740af269b25886a6a6, type: 3}
      propertyPath: m_LocalScale.y
      value: 0.43165165
      objectReference: {fileID: 0}
    - target: {fileID: 400000, guid: f0487148d8cf3f740af269b25886a6a6, type: 3}
      propertyPath: m_LocalScale.z
      value: 0.43165165
      objectReference: {fileID: 0}
    m_RemovedComponents: []
  m_SourcePrefab: {fileID: 100100000, guid: f0487148d8cf3f740af269b25886a6a6, type: 3}
--- !u!4 &1504806592615864038 stripped
Transform:
  m_CorrespondingSourceObject: {fileID: 400000, guid: f0487148d8cf3f740af269b25886a6a6,
    type: 3}
  m_PrefabInstance: {fileID: 1504806592616254566}
  m_PrefabAsset: {fileID: 0}
--- !u!1001 &1805943829507289247
PrefabInstance:
  m_ObjectHideFlags: 0
  serializedVersion: 2
  m_Modification:
    m_TransformParent: {fileID: 8100626108729424732}
    m_Modifications:
    - target: {fileID: 100000, guid: f0487148d8cf3f740af269b25886a6a6, type: 3}
      propertyPath: m_Name
      value: fi_vil_combs_props_urn06c
      objectReference: {fileID: 0}
    - target: {fileID: 400000, guid: f0487148d8cf3f740af269b25886a6a6, type: 3}
      propertyPath: m_LocalPosition.x
      value: 2.753
      objectReference: {fileID: 0}
    - target: {fileID: 400000, guid: f0487148d8cf3f740af269b25886a6a6, type: 3}
      propertyPath: m_LocalPosition.y
      value: 0
      objectReference: {fileID: 0}
    - target: {fileID: 400000, guid: f0487148d8cf3f740af269b25886a6a6, type: 3}
      propertyPath: m_LocalPosition.z
      value: 1.24
      objectReference: {fileID: 0}
    - target: {fileID: 400000, guid: f0487148d8cf3f740af269b25886a6a6, type: 3}
      propertyPath: m_LocalRotation.x
      value: -0
      objectReference: {fileID: 0}
    - target: {fileID: 400000, guid: f0487148d8cf3f740af269b25886a6a6, type: 3}
      propertyPath: m_LocalRotation.y
      value: -0
      objectReference: {fileID: 0}
    - target: {fileID: 400000, guid: f0487148d8cf3f740af269b25886a6a6, type: 3}
      propertyPath: m_LocalRotation.z
      value: -0
      objectReference: {fileID: 0}
    - target: {fileID: 400000, guid: f0487148d8cf3f740af269b25886a6a6, type: 3}
      propertyPath: m_LocalRotation.w
      value: 1
      objectReference: {fileID: 0}
    - target: {fileID: 400000, guid: f0487148d8cf3f740af269b25886a6a6, type: 3}
      propertyPath: m_RootOrder
      value: 4
      objectReference: {fileID: 0}
    - target: {fileID: 400000, guid: f0487148d8cf3f740af269b25886a6a6, type: 3}
      propertyPath: m_LocalEulerAnglesHint.x
      value: 0
      objectReference: {fileID: 0}
    - target: {fileID: 400000, guid: f0487148d8cf3f740af269b25886a6a6, type: 3}
      propertyPath: m_LocalEulerAnglesHint.y
      value: 0
      objectReference: {fileID: 0}
    - target: {fileID: 400000, guid: f0487148d8cf3f740af269b25886a6a6, type: 3}
      propertyPath: m_LocalEulerAnglesHint.z
      value: 0
      objectReference: {fileID: 0}
    - target: {fileID: 400000, guid: f0487148d8cf3f740af269b25886a6a6, type: 3}
      propertyPath: m_LocalScale.x
      value: 0.84773
      objectReference: {fileID: 0}
    - target: {fileID: 400000, guid: f0487148d8cf3f740af269b25886a6a6, type: 3}
      propertyPath: m_LocalScale.y
      value: 0.84773
      objectReference: {fileID: 0}
    - target: {fileID: 400000, guid: f0487148d8cf3f740af269b25886a6a6, type: 3}
      propertyPath: m_LocalScale.z
      value: 0.84773
      objectReference: {fileID: 0}
    m_RemovedComponents: []
  m_SourcePrefab: {fileID: 100100000, guid: f0487148d8cf3f740af269b25886a6a6, type: 3}
--- !u!4 &1805943829506894367 stripped
Transform:
  m_CorrespondingSourceObject: {fileID: 400000, guid: f0487148d8cf3f740af269b25886a6a6,
    type: 3}
  m_PrefabInstance: {fileID: 1805943829507289247}
  m_PrefabAsset: {fileID: 0}
--- !u!1001 &2215972154070167961
PrefabInstance:
  m_ObjectHideFlags: 0
  serializedVersion: 2
  m_Modification:
    m_TransformParent: {fileID: 8100626108729424732}
    m_Modifications:
    - target: {fileID: 100000, guid: f0487148d8cf3f740af269b25886a6a6, type: 3}
      propertyPath: m_Name
      value: fi_vil_combs_props_urn06c
      objectReference: {fileID: 0}
    - target: {fileID: 400000, guid: f0487148d8cf3f740af269b25886a6a6, type: 3}
      propertyPath: m_LocalPosition.x
      value: 0.611
      objectReference: {fileID: 0}
    - target: {fileID: 400000, guid: f0487148d8cf3f740af269b25886a6a6, type: 3}
      propertyPath: m_LocalPosition.y
      value: 0
      objectReference: {fileID: 0}
    - target: {fileID: 400000, guid: f0487148d8cf3f740af269b25886a6a6, type: 3}
      propertyPath: m_LocalPosition.z
      value: -0.007
      objectReference: {fileID: 0}
    - target: {fileID: 400000, guid: f0487148d8cf3f740af269b25886a6a6, type: 3}
      propertyPath: m_LocalRotation.x
      value: -0
      objectReference: {fileID: 0}
    - target: {fileID: 400000, guid: f0487148d8cf3f740af269b25886a6a6, type: 3}
      propertyPath: m_LocalRotation.y
      value: -0
      objectReference: {fileID: 0}
    - target: {fileID: 400000, guid: f0487148d8cf3f740af269b25886a6a6, type: 3}
      propertyPath: m_LocalRotation.z
      value: -0
      objectReference: {fileID: 0}
    - target: {fileID: 400000, guid: f0487148d8cf3f740af269b25886a6a6, type: 3}
      propertyPath: m_LocalRotation.w
      value: 1
      objectReference: {fileID: 0}
    - target: {fileID: 400000, guid: f0487148d8cf3f740af269b25886a6a6, type: 3}
      propertyPath: m_RootOrder
      value: 19
      objectReference: {fileID: 0}
    - target: {fileID: 400000, guid: f0487148d8cf3f740af269b25886a6a6, type: 3}
      propertyPath: m_LocalEulerAnglesHint.x
      value: 0
      objectReference: {fileID: 0}
    - target: {fileID: 400000, guid: f0487148d8cf3f740af269b25886a6a6, type: 3}
      propertyPath: m_LocalEulerAnglesHint.y
      value: 0
      objectReference: {fileID: 0}
    - target: {fileID: 400000, guid: f0487148d8cf3f740af269b25886a6a6, type: 3}
      propertyPath: m_LocalEulerAnglesHint.z
      value: 0
      objectReference: {fileID: 0}
    - target: {fileID: 400000, guid: f0487148d8cf3f740af269b25886a6a6, type: 3}
      propertyPath: m_LocalScale.x
      value: 0.84773
      objectReference: {fileID: 0}
    - target: {fileID: 400000, guid: f0487148d8cf3f740af269b25886a6a6, type: 3}
      propertyPath: m_LocalScale.y
      value: 0.84773
      objectReference: {fileID: 0}
    - target: {fileID: 400000, guid: f0487148d8cf3f740af269b25886a6a6, type: 3}
      propertyPath: m_LocalScale.z
      value: 0.84773
      objectReference: {fileID: 0}
    m_RemovedComponents: []
  m_SourcePrefab: {fileID: 100100000, guid: f0487148d8cf3f740af269b25886a6a6, type: 3}
--- !u!4 &2215972154070297369 stripped
Transform:
  m_CorrespondingSourceObject: {fileID: 400000, guid: f0487148d8cf3f740af269b25886a6a6,
    type: 3}
  m_PrefabInstance: {fileID: 2215972154070167961}
  m_PrefabAsset: {fileID: 0}
--- !u!1001 &3307521236667181156
PrefabInstance:
  m_ObjectHideFlags: 0
  serializedVersion: 2
  m_Modification:
    m_TransformParent: {fileID: 8100626108729424732}
    m_Modifications:
    - target: {fileID: 100000, guid: ce51a7826df4e0a46b39e157c54f7f8a, type: 3}
      propertyPath: m_Name
      value: fi_vil_combs_props_urn02b
      objectReference: {fileID: 0}
    - target: {fileID: 400000, guid: ce51a7826df4e0a46b39e157c54f7f8a, type: 3}
      propertyPath: m_LocalPosition.x
      value: 3.508
      objectReference: {fileID: 0}
    - target: {fileID: 400000, guid: ce51a7826df4e0a46b39e157c54f7f8a, type: 3}
      propertyPath: m_LocalPosition.y
      value: 0
      objectReference: {fileID: 0}
    - target: {fileID: 400000, guid: ce51a7826df4e0a46b39e157c54f7f8a, type: 3}
      propertyPath: m_LocalPosition.z
      value: -1.51
      objectReference: {fileID: 0}
    - target: {fileID: 400000, guid: ce51a7826df4e0a46b39e157c54f7f8a, type: 3}
      propertyPath: m_LocalRotation.x
      value: -0
      objectReference: {fileID: 0}
    - target: {fileID: 400000, guid: ce51a7826df4e0a46b39e157c54f7f8a, type: 3}
      propertyPath: m_LocalRotation.y
      value: -0
      objectReference: {fileID: 0}
    - target: {fileID: 400000, guid: ce51a7826df4e0a46b39e157c54f7f8a, type: 3}
      propertyPath: m_LocalRotation.z
      value: -0
      objectReference: {fileID: 0}
    - target: {fileID: 400000, guid: ce51a7826df4e0a46b39e157c54f7f8a, type: 3}
      propertyPath: m_LocalRotation.w
      value: 1
      objectReference: {fileID: 0}
    - target: {fileID: 400000, guid: ce51a7826df4e0a46b39e157c54f7f8a, type: 3}
      propertyPath: m_RootOrder
      value: 3
      objectReference: {fileID: 0}
    - target: {fileID: 400000, guid: ce51a7826df4e0a46b39e157c54f7f8a, type: 3}
      propertyPath: m_LocalEulerAnglesHint.x
      value: 0
      objectReference: {fileID: 0}
    - target: {fileID: 400000, guid: ce51a7826df4e0a46b39e157c54f7f8a, type: 3}
      propertyPath: m_LocalEulerAnglesHint.y
      value: 0
      objectReference: {fileID: 0}
    - target: {fileID: 400000, guid: ce51a7826df4e0a46b39e157c54f7f8a, type: 3}
      propertyPath: m_LocalEulerAnglesHint.z
      value: 0
      objectReference: {fileID: 0}
    m_RemovedComponents: []
  m_SourcePrefab: {fileID: 100100000, guid: ce51a7826df4e0a46b39e157c54f7f8a, type: 3}
--- !u!4 &3307521236667314916 stripped
Transform:
  m_CorrespondingSourceObject: {fileID: 400000, guid: ce51a7826df4e0a46b39e157c54f7f8a,
    type: 3}
  m_PrefabInstance: {fileID: 3307521236667181156}
  m_PrefabAsset: {fileID: 0}
--- !u!1001 &3936389708274925869
PrefabInstance:
  m_ObjectHideFlags: 0
  serializedVersion: 2
  m_Modification:
    m_TransformParent: {fileID: 8100626108729424732}
    m_Modifications:
    - target: {fileID: 100000, guid: 988b00f2e9e5e5e4c9a75a96bfd35c7d, type: 3}
      propertyPath: m_Name
      value: fi_vil_combs_props_urn03b
      objectReference: {fileID: 0}
    - target: {fileID: 400000, guid: 988b00f2e9e5e5e4c9a75a96bfd35c7d, type: 3}
      propertyPath: m_LocalPosition.x
      value: -0.982
      objectReference: {fileID: 0}
    - target: {fileID: 400000, guid: 988b00f2e9e5e5e4c9a75a96bfd35c7d, type: 3}
      propertyPath: m_LocalPosition.y
      value: 0
      objectReference: {fileID: 0}
    - target: {fileID: 400000, guid: 988b00f2e9e5e5e4c9a75a96bfd35c7d, type: 3}
      propertyPath: m_LocalPosition.z
      value: -0.182
      objectReference: {fileID: 0}
    - target: {fileID: 400000, guid: 988b00f2e9e5e5e4c9a75a96bfd35c7d, type: 3}
      propertyPath: m_LocalRotation.x
      value: -0
      objectReference: {fileID: 0}
    - target: {fileID: 400000, guid: 988b00f2e9e5e5e4c9a75a96bfd35c7d, type: 3}
      propertyPath: m_LocalRotation.y
      value: -0
      objectReference: {fileID: 0}
    - target: {fileID: 400000, guid: 988b00f2e9e5e5e4c9a75a96bfd35c7d, type: 3}
      propertyPath: m_LocalRotation.z
      value: -0
      objectReference: {fileID: 0}
    - target: {fileID: 400000, guid: 988b00f2e9e5e5e4c9a75a96bfd35c7d, type: 3}
      propertyPath: m_LocalRotation.w
      value: 1
      objectReference: {fileID: 0}
    - target: {fileID: 400000, guid: 988b00f2e9e5e5e4c9a75a96bfd35c7d, type: 3}
      propertyPath: m_RootOrder
      value: 7
      objectReference: {fileID: 0}
    - target: {fileID: 400000, guid: 988b00f2e9e5e5e4c9a75a96bfd35c7d, type: 3}
      propertyPath: m_LocalEulerAnglesHint.x
      value: 0
      objectReference: {fileID: 0}
    - target: {fileID: 400000, guid: 988b00f2e9e5e5e4c9a75a96bfd35c7d, type: 3}
      propertyPath: m_LocalEulerAnglesHint.y
      value: 0
      objectReference: {fileID: 0}
    - target: {fileID: 400000, guid: 988b00f2e9e5e5e4c9a75a96bfd35c7d, type: 3}
      propertyPath: m_LocalEulerAnglesHint.z
      value: 0
      objectReference: {fileID: 0}
    - target: {fileID: 400000, guid: 988b00f2e9e5e5e4c9a75a96bfd35c7d, type: 3}
      propertyPath: m_LocalScale.x
      value: 0.84773
      objectReference: {fileID: 0}
    - target: {fileID: 400000, guid: 988b00f2e9e5e5e4c9a75a96bfd35c7d, type: 3}
      propertyPath: m_LocalScale.y
      value: 0.84773
      objectReference: {fileID: 0}
    - target: {fileID: 400000, guid: 988b00f2e9e5e5e4c9a75a96bfd35c7d, type: 3}
      propertyPath: m_LocalScale.z
      value: 0.84773
      objectReference: {fileID: 0}
    m_RemovedComponents: []
  m_SourcePrefab: {fileID: 100100000, guid: 988b00f2e9e5e5e4c9a75a96bfd35c7d, type: 3}
--- !u!4 &3936389708275063725 stripped
Transform:
  m_CorrespondingSourceObject: {fileID: 400000, guid: 988b00f2e9e5e5e4c9a75a96bfd35c7d,
    type: 3}
  m_PrefabInstance: {fileID: 3936389708274925869}
  m_PrefabAsset: {fileID: 0}
--- !u!1001 &4383847112915304247
PrefabInstance:
  m_ObjectHideFlags: 0
  serializedVersion: 2
  m_Modification:
    m_TransformParent: {fileID: 8100626108729424732}
    m_Modifications:
    - target: {fileID: 100000, guid: aedf8070655c8cf408c6b06bc2484c8f, type: 3}
      propertyPath: m_Name
      value: fi_vil_woven_carpet03c
      objectReference: {fileID: 0}
    - target: {fileID: 400000, guid: aedf8070655c8cf408c6b06bc2484c8f, type: 3}
      propertyPath: m_LocalPosition.x
      value: -2.013
      objectReference: {fileID: 0}
    - target: {fileID: 400000, guid: aedf8070655c8cf408c6b06bc2484c8f, type: 3}
      propertyPath: m_LocalPosition.y
      value: 0.01
      objectReference: {fileID: 0}
    - target: {fileID: 400000, guid: aedf8070655c8cf408c6b06bc2484c8f, type: 3}
      propertyPath: m_LocalPosition.z
      value: -0.159
      objectReference: {fileID: 0}
    - target: {fileID: 400000, guid: aedf8070655c8cf408c6b06bc2484c8f, type: 3}
      propertyPath: m_LocalRotation.x
      value: -0
      objectReference: {fileID: 0}
    - target: {fileID: 400000, guid: aedf8070655c8cf408c6b06bc2484c8f, type: 3}
      propertyPath: m_LocalRotation.y
      value: -0.6757829
      objectReference: {fileID: 0}
    - target: {fileID: 400000, guid: aedf8070655c8cf408c6b06bc2484c8f, type: 3}
      propertyPath: m_LocalRotation.z
      value: -0
      objectReference: {fileID: 0}
    - target: {fileID: 400000, guid: aedf8070655c8cf408c6b06bc2484c8f, type: 3}
      propertyPath: m_LocalRotation.w
      value: 0.7371007
      objectReference: {fileID: 0}
    - target: {fileID: 400000, guid: aedf8070655c8cf408c6b06bc2484c8f, type: 3}
      propertyPath: m_RootOrder
      value: 22
      objectReference: {fileID: 0}
    - target: {fileID: 400000, guid: aedf8070655c8cf408c6b06bc2484c8f, type: 3}
      propertyPath: m_LocalEulerAnglesHint.x
      value: 0
      objectReference: {fileID: 0}
    - target: {fileID: 400000, guid: aedf8070655c8cf408c6b06bc2484c8f, type: 3}
      propertyPath: m_LocalEulerAnglesHint.y
      value: -85.03001
      objectReference: {fileID: 0}
    - target: {fileID: 400000, guid: aedf8070655c8cf408c6b06bc2484c8f, type: 3}
      propertyPath: m_LocalEulerAnglesHint.z
      value: 0
      objectReference: {fileID: 0}
    m_RemovedComponents: []
  m_SourcePrefab: {fileID: 100100000, guid: aedf8070655c8cf408c6b06bc2484c8f, type: 3}
--- !u!4 &4383847112915690935 stripped
Transform:
  m_CorrespondingSourceObject: {fileID: 400000, guid: aedf8070655c8cf408c6b06bc2484c8f,
    type: 3}
  m_PrefabInstance: {fileID: 4383847112915304247}
  m_PrefabAsset: {fileID: 0}
--- !u!1001 &5003271689282948531
PrefabInstance:
  m_ObjectHideFlags: 0
  serializedVersion: 2
  m_Modification:
    m_TransformParent: {fileID: 8100626108729424732}
    m_Modifications:
    - target: {fileID: 100000, guid: e67772ad49f8b9d44abafc7e11a6ea28, type: 3}
      propertyPath: m_Name
      value: fi_vil_woven_carpet14b
      objectReference: {fileID: 0}
    - target: {fileID: 400000, guid: e67772ad49f8b9d44abafc7e11a6ea28, type: 3}
      propertyPath: m_LocalPosition.x
      value: 1.709
      objectReference: {fileID: 0}
    - target: {fileID: 400000, guid: e67772ad49f8b9d44abafc7e11a6ea28, type: 3}
      propertyPath: m_LocalPosition.y
      value: 0.015
      objectReference: {fileID: 0}
    - target: {fileID: 400000, guid: e67772ad49f8b9d44abafc7e11a6ea28, type: 3}
      propertyPath: m_LocalPosition.z
      value: -0.368
      objectReference: {fileID: 0}
    - target: {fileID: 400000, guid: e67772ad49f8b9d44abafc7e11a6ea28, type: 3}
      propertyPath: m_LocalRotation.x
      value: -0
      objectReference: {fileID: 0}
    - target: {fileID: 400000, guid: e67772ad49f8b9d44abafc7e11a6ea28, type: 3}
      propertyPath: m_LocalRotation.y
      value: -0.28105137
      objectReference: {fileID: 0}
    - target: {fileID: 400000, guid: e67772ad49f8b9d44abafc7e11a6ea28, type: 3}
      propertyPath: m_LocalRotation.z
      value: -0
      objectReference: {fileID: 0}
    - target: {fileID: 400000, guid: e67772ad49f8b9d44abafc7e11a6ea28, type: 3}
      propertyPath: m_LocalRotation.w
      value: 0.9596927
      objectReference: {fileID: 0}
    - target: {fileID: 400000, guid: e67772ad49f8b9d44abafc7e11a6ea28, type: 3}
      propertyPath: m_RootOrder
      value: 23
      objectReference: {fileID: 0}
    - target: {fileID: 400000, guid: e67772ad49f8b9d44abafc7e11a6ea28, type: 3}
      propertyPath: m_LocalEulerAnglesHint.x
      value: 0
      objectReference: {fileID: 0}
    - target: {fileID: 400000, guid: e67772ad49f8b9d44abafc7e11a6ea28, type: 3}
      propertyPath: m_LocalEulerAnglesHint.y
      value: -32.646
      objectReference: {fileID: 0}
    - target: {fileID: 400000, guid: e67772ad49f8b9d44abafc7e11a6ea28, type: 3}
      propertyPath: m_LocalEulerAnglesHint.z
      value: 0
      objectReference: {fileID: 0}
    m_RemovedComponents: []
  m_SourcePrefab: {fileID: 100100000, guid: e67772ad49f8b9d44abafc7e11a6ea28, type: 3}
--- !u!4 &5003271689283082035 stripped
Transform:
  m_CorrespondingSourceObject: {fileID: 400000, guid: e67772ad49f8b9d44abafc7e11a6ea28,
    type: 3}
  m_PrefabInstance: {fileID: 5003271689282948531}
  m_PrefabAsset: {fileID: 0}
--- !u!1001 &5729035578856947257
PrefabInstance:
  m_ObjectHideFlags: 0
  serializedVersion: 2
  m_Modification:
    m_TransformParent: {fileID: 8100626108729424732}
    m_Modifications:
    - target: {fileID: 100000, guid: f26863703f9a90f47a84ea4d7255fc27, type: 3}
      propertyPath: m_Name
      value: fi_vil_combs_props_urn02a
      objectReference: {fileID: 0}
    - target: {fileID: 400000, guid: f26863703f9a90f47a84ea4d7255fc27, type: 3}
      propertyPath: m_LocalPosition.x
      value: -1.323
      objectReference: {fileID: 0}
    - target: {fileID: 400000, guid: f26863703f9a90f47a84ea4d7255fc27, type: 3}
      propertyPath: m_LocalPosition.y
      value: 0
      objectReference: {fileID: 0}
    - target: {fileID: 400000, guid: f26863703f9a90f47a84ea4d7255fc27, type: 3}
      propertyPath: m_LocalPosition.z
      value: -1.921
      objectReference: {fileID: 0}
    - target: {fileID: 400000, guid: f26863703f9a90f47a84ea4d7255fc27, type: 3}
      propertyPath: m_LocalRotation.x
      value: -0
      objectReference: {fileID: 0}
    - target: {fileID: 400000, guid: f26863703f9a90f47a84ea4d7255fc27, type: 3}
      propertyPath: m_LocalRotation.y
      value: -0
      objectReference: {fileID: 0}
    - target: {fileID: 400000, guid: f26863703f9a90f47a84ea4d7255fc27, type: 3}
      propertyPath: m_LocalRotation.z
      value: -0
      objectReference: {fileID: 0}
    - target: {fileID: 400000, guid: f26863703f9a90f47a84ea4d7255fc27, type: 3}
      propertyPath: m_LocalRotation.w
      value: 1
      objectReference: {fileID: 0}
    - target: {fileID: 400000, guid: f26863703f9a90f47a84ea4d7255fc27, type: 3}
      propertyPath: m_RootOrder
      value: 13
      objectReference: {fileID: 0}
    - target: {fileID: 400000, guid: f26863703f9a90f47a84ea4d7255fc27, type: 3}
      propertyPath: m_LocalEulerAnglesHint.x
      value: 0
      objectReference: {fileID: 0}
    - target: {fileID: 400000, guid: f26863703f9a90f47a84ea4d7255fc27, type: 3}
      propertyPath: m_LocalEulerAnglesHint.y
      value: 0
      objectReference: {fileID: 0}
    - target: {fileID: 400000, guid: f26863703f9a90f47a84ea4d7255fc27, type: 3}
      propertyPath: m_LocalEulerAnglesHint.z
      value: 0
      objectReference: {fileID: 0}
    - target: {fileID: 400000, guid: f26863703f9a90f47a84ea4d7255fc27, type: 3}
      propertyPath: m_LocalScale.x
      value: 0.5739895
      objectReference: {fileID: 0}
    - target: {fileID: 400000, guid: f26863703f9a90f47a84ea4d7255fc27, type: 3}
      propertyPath: m_LocalScale.y
      value: 0.5739895
      objectReference: {fileID: 0}
    - target: {fileID: 400000, guid: f26863703f9a90f47a84ea4d7255fc27, type: 3}
      propertyPath: m_LocalScale.z
      value: 0.5739895
      objectReference: {fileID: 0}
    m_RemovedComponents: []
  m_SourcePrefab: {fileID: 100100000, guid: f26863703f9a90f47a84ea4d7255fc27, type: 3}
--- !u!4 &5729035578856547513 stripped
Transform:
  m_CorrespondingSourceObject: {fileID: 400000, guid: f26863703f9a90f47a84ea4d7255fc27,
    type: 3}
  m_PrefabInstance: {fileID: 5729035578856947257}
  m_PrefabAsset: {fileID: 0}
--- !u!1001 &6178307123004421357
PrefabInstance:
  m_ObjectHideFlags: 0
  serializedVersion: 2
  m_Modification:
    m_TransformParent: {fileID: 8100626108729424732}
    m_Modifications:
    - target: {fileID: 100000, guid: 6bcdcdd1dbbf4ad4aa6bb9c08e5c4118, type: 3}
      propertyPath: m_Name
      value: fi_vil_forge_stool1
      objectReference: {fileID: 0}
    - target: {fileID: 100000, guid: 6bcdcdd1dbbf4ad4aa6bb9c08e5c4118, type: 3}
      propertyPath: m_IsActive
      value: 1
      objectReference: {fileID: 0}
    - target: {fileID: 400000, guid: 6bcdcdd1dbbf4ad4aa6bb9c08e5c4118, type: 3}
      propertyPath: m_LocalPosition.x
      value: 3.229
      objectReference: {fileID: 0}
    - target: {fileID: 400000, guid: 6bcdcdd1dbbf4ad4aa6bb9c08e5c4118, type: 3}
      propertyPath: m_LocalPosition.y
      value: 0
      objectReference: {fileID: 0}
    - target: {fileID: 400000, guid: 6bcdcdd1dbbf4ad4aa6bb9c08e5c4118, type: 3}
      propertyPath: m_LocalPosition.z
      value: -0.639
      objectReference: {fileID: 0}
    - target: {fileID: 400000, guid: 6bcdcdd1dbbf4ad4aa6bb9c08e5c4118, type: 3}
      propertyPath: m_LocalRotation.x
      value: -0
      objectReference: {fileID: 0}
    - target: {fileID: 400000, guid: 6bcdcdd1dbbf4ad4aa6bb9c08e5c4118, type: 3}
      propertyPath: m_LocalRotation.y
      value: 0.3916722
      objectReference: {fileID: 0}
    - target: {fileID: 400000, guid: 6bcdcdd1dbbf4ad4aa6bb9c08e5c4118, type: 3}
      propertyPath: m_LocalRotation.z
      value: -0
      objectReference: {fileID: 0}
    - target: {fileID: 400000, guid: 6bcdcdd1dbbf4ad4aa6bb9c08e5c4118, type: 3}
      propertyPath: m_LocalRotation.w
      value: 0.92010486
      objectReference: {fileID: 0}
    - target: {fileID: 400000, guid: 6bcdcdd1dbbf4ad4aa6bb9c08e5c4118, type: 3}
      propertyPath: m_RootOrder
      value: 24
      objectReference: {fileID: 0}
    - target: {fileID: 400000, guid: 6bcdcdd1dbbf4ad4aa6bb9c08e5c4118, type: 3}
      propertyPath: m_LocalEulerAnglesHint.x
      value: 0
      objectReference: {fileID: 0}
    - target: {fileID: 400000, guid: 6bcdcdd1dbbf4ad4aa6bb9c08e5c4118, type: 3}
      propertyPath: m_LocalEulerAnglesHint.y
      value: 46.117
      objectReference: {fileID: 0}
    - target: {fileID: 400000, guid: 6bcdcdd1dbbf4ad4aa6bb9c08e5c4118, type: 3}
      propertyPath: m_LocalEulerAnglesHint.z
      value: 0
      objectReference: {fileID: 0}
    m_RemovedComponents: []
  m_SourcePrefab: {fileID: 100100000, guid: 6bcdcdd1dbbf4ad4aa6bb9c08e5c4118, type: 3}
--- !u!4 &6178307123004812909 stripped
Transform:
  m_CorrespondingSourceObject: {fileID: 400000, guid: 6bcdcdd1dbbf4ad4aa6bb9c08e5c4118,
    type: 3}
  m_PrefabInstance: {fileID: 6178307123004421357}
  m_PrefabAsset: {fileID: 0}
--- !u!1001 &6237451968072026109
PrefabInstance:
  m_ObjectHideFlags: 0
  serializedVersion: 2
  m_Modification:
    m_TransformParent: {fileID: 8100626108729424732}
    m_Modifications:
    - target: {fileID: 100000, guid: b84fe12257fd0d6468c176a0e30f05ad, type: 3}
      propertyPath: m_Name
      value: fi_vil_combs_props_urn04a
      objectReference: {fileID: 0}
    - target: {fileID: 400000, guid: b84fe12257fd0d6468c176a0e30f05ad, type: 3}
      propertyPath: m_LocalPosition.x
      value: 2.752
      objectReference: {fileID: 0}
    - target: {fileID: 400000, guid: b84fe12257fd0d6468c176a0e30f05ad, type: 3}
      propertyPath: m_LocalPosition.y
      value: 0
      objectReference: {fileID: 0}
    - target: {fileID: 400000, guid: b84fe12257fd0d6468c176a0e30f05ad, type: 3}
      propertyPath: m_LocalPosition.z
      value: -1.4699999
      objectReference: {fileID: 0}
    - target: {fileID: 400000, guid: b84fe12257fd0d6468c176a0e30f05ad, type: 3}
      propertyPath: m_LocalRotation.x
      value: -0
      objectReference: {fileID: 0}
    - target: {fileID: 400000, guid: b84fe12257fd0d6468c176a0e30f05ad, type: 3}
      propertyPath: m_LocalRotation.y
      value: -0
      objectReference: {fileID: 0}
    - target: {fileID: 400000, guid: b84fe12257fd0d6468c176a0e30f05ad, type: 3}
      propertyPath: m_LocalRotation.z
      value: -0
      objectReference: {fileID: 0}
    - target: {fileID: 400000, guid: b84fe12257fd0d6468c176a0e30f05ad, type: 3}
      propertyPath: m_LocalRotation.w
      value: 1
      objectReference: {fileID: 0}
    - target: {fileID: 400000, guid: b84fe12257fd0d6468c176a0e30f05ad, type: 3}
      propertyPath: m_RootOrder
      value: 0
      objectReference: {fileID: 0}
    - target: {fileID: 400000, guid: b84fe12257fd0d6468c176a0e30f05ad, type: 3}
      propertyPath: m_LocalEulerAnglesHint.x
      value: 0
      objectReference: {fileID: 0}
    - target: {fileID: 400000, guid: b84fe12257fd0d6468c176a0e30f05ad, type: 3}
      propertyPath: m_LocalEulerAnglesHint.y
      value: 0
      objectReference: {fileID: 0}
    - target: {fileID: 400000, guid: b84fe12257fd0d6468c176a0e30f05ad, type: 3}
      propertyPath: m_LocalEulerAnglesHint.z
      value: 0
      objectReference: {fileID: 0}
    - target: {fileID: 400000, guid: b84fe12257fd0d6468c176a0e30f05ad, type: 3}
      propertyPath: m_LocalScale.x
      value: 0.63751
      objectReference: {fileID: 0}
    - target: {fileID: 400000, guid: b84fe12257fd0d6468c176a0e30f05ad, type: 3}
      propertyPath: m_LocalScale.y
      value: 0.63751
      objectReference: {fileID: 0}
    - target: {fileID: 400000, guid: b84fe12257fd0d6468c176a0e30f05ad, type: 3}
      propertyPath: m_LocalScale.z
      value: 0.63751
      objectReference: {fileID: 0}
    m_RemovedComponents: []
  m_SourcePrefab: {fileID: 100100000, guid: b84fe12257fd0d6468c176a0e30f05ad, type: 3}
--- !u!4 &6237451968071638397 stripped
Transform:
  m_CorrespondingSourceObject: {fileID: 400000, guid: b84fe12257fd0d6468c176a0e30f05ad,
    type: 3}
  m_PrefabInstance: {fileID: 6237451968072026109}
  m_PrefabAsset: {fileID: 0}
--- !u!1001 &6309280186408168705
PrefabInstance:
  m_ObjectHideFlags: 0
  serializedVersion: 2
  m_Modification:
    m_TransformParent: {fileID: 8100626108729424732}
    m_Modifications:
    - target: {fileID: 100000, guid: bffda3ee075ed994e898ab2a5c5aecbf, type: 3}
      propertyPath: m_Name
      value: fi_vil_combs_props_urn04c
      objectReference: {fileID: 0}
    - target: {fileID: 400000, guid: bffda3ee075ed994e898ab2a5c5aecbf, type: 3}
      propertyPath: m_LocalPosition.x
      value: 3.231
      objectReference: {fileID: 0}
    - target: {fileID: 400000, guid: bffda3ee075ed994e898ab2a5c5aecbf, type: 3}
      propertyPath: m_LocalPosition.y
      value: 0
      objectReference: {fileID: 0}
    - target: {fileID: 400000, guid: bffda3ee075ed994e898ab2a5c5aecbf, type: 3}
      propertyPath: m_LocalPosition.z
      value: 1.75
      objectReference: {fileID: 0}
    - target: {fileID: 400000, guid: bffda3ee075ed994e898ab2a5c5aecbf, type: 3}
      propertyPath: m_LocalRotation.x
      value: -0
      objectReference: {fileID: 0}
    - target: {fileID: 400000, guid: bffda3ee075ed994e898ab2a5c5aecbf, type: 3}
      propertyPath: m_LocalRotation.y
      value: -0
      objectReference: {fileID: 0}
    - target: {fileID: 400000, guid: bffda3ee075ed994e898ab2a5c5aecbf, type: 3}
      propertyPath: m_LocalRotation.z
      value: -0
      objectReference: {fileID: 0}
    - target: {fileID: 400000, guid: bffda3ee075ed994e898ab2a5c5aecbf, type: 3}
      propertyPath: m_LocalRotation.w
      value: 1
      objectReference: {fileID: 0}
    - target: {fileID: 400000, guid: bffda3ee075ed994e898ab2a5c5aecbf, type: 3}
      propertyPath: m_RootOrder
      value: 1
      objectReference: {fileID: 0}
    - target: {fileID: 400000, guid: bffda3ee075ed994e898ab2a5c5aecbf, type: 3}
      propertyPath: m_LocalEulerAnglesHint.x
      value: 0
      objectReference: {fileID: 0}
    - target: {fileID: 400000, guid: bffda3ee075ed994e898ab2a5c5aecbf, type: 3}
      propertyPath: m_LocalEulerAnglesHint.y
      value: 0
      objectReference: {fileID: 0}
    - target: {fileID: 400000, guid: bffda3ee075ed994e898ab2a5c5aecbf, type: 3}
      propertyPath: m_LocalEulerAnglesHint.z
      value: 0
      objectReference: {fileID: 0}
    - target: {fileID: 400000, guid: bffda3ee075ed994e898ab2a5c5aecbf, type: 3}
      propertyPath: m_LocalScale.x
      value: 0.47392493
      objectReference: {fileID: 0}
    - target: {fileID: 400000, guid: bffda3ee075ed994e898ab2a5c5aecbf, type: 3}
      propertyPath: m_LocalScale.y
      value: 0.47392493
      objectReference: {fileID: 0}
    - target: {fileID: 400000, guid: bffda3ee075ed994e898ab2a5c5aecbf, type: 3}
      propertyPath: m_LocalScale.z
      value: 0.47392493
      objectReference: {fileID: 0}
    m_RemovedComponents: []
  m_SourcePrefab: {fileID: 100100000, guid: bffda3ee075ed994e898ab2a5c5aecbf, type: 3}
--- !u!4 &6309280186408040321 stripped
Transform:
  m_CorrespondingSourceObject: {fileID: 400000, guid: bffda3ee075ed994e898ab2a5c5aecbf,
    type: 3}
  m_PrefabInstance: {fileID: 6309280186408168705}
  m_PrefabAsset: {fileID: 0}
--- !u!1001 &6825385078109023522
PrefabInstance:
  m_ObjectHideFlags: 0
  serializedVersion: 2
  m_Modification:
    m_TransformParent: {fileID: 8100626108729424732}
    m_Modifications:
    - target: {fileID: 100000, guid: bffda3ee075ed994e898ab2a5c5aecbf, type: 3}
      propertyPath: m_Name
      value: fi_vil_combs_props_urn04c
      objectReference: {fileID: 0}
    - target: {fileID: 400000, guid: bffda3ee075ed994e898ab2a5c5aecbf, type: 3}
      propertyPath: m_LocalPosition.x
      value: -2.801
      objectReference: {fileID: 0}
    - target: {fileID: 400000, guid: bffda3ee075ed994e898ab2a5c5aecbf, type: 3}
      propertyPath: m_LocalPosition.y
      value: 0
      objectReference: {fileID: 0}
    - target: {fileID: 400000, guid: bffda3ee075ed994e898ab2a5c5aecbf, type: 3}
      propertyPath: m_LocalPosition.z
      value: 1.32
      objectReference: {fileID: 0}
    - target: {fileID: 400000, guid: bffda3ee075ed994e898ab2a5c5aecbf, type: 3}
      propertyPath: m_LocalRotation.x
      value: -0
      objectReference: {fileID: 0}
    - target: {fileID: 400000, guid: bffda3ee075ed994e898ab2a5c5aecbf, type: 3}
      propertyPath: m_LocalRotation.y
      value: -0.27425316
      objectReference: {fileID: 0}
    - target: {fileID: 400000, guid: bffda3ee075ed994e898ab2a5c5aecbf, type: 3}
      propertyPath: m_LocalRotation.z
      value: -0
      objectReference: {fileID: 0}
    - target: {fileID: 400000, guid: bffda3ee075ed994e898ab2a5c5aecbf, type: 3}
      propertyPath: m_LocalRotation.w
      value: 0.9616576
      objectReference: {fileID: 0}
    - target: {fileID: 400000, guid: bffda3ee075ed994e898ab2a5c5aecbf, type: 3}
      propertyPath: m_RootOrder
      value: 15
      objectReference: {fileID: 0}
    - target: {fileID: 400000, guid: bffda3ee075ed994e898ab2a5c5aecbf, type: 3}
      propertyPath: m_LocalEulerAnglesHint.x
      value: 0
      objectReference: {fileID: 0}
    - target: {fileID: 400000, guid: bffda3ee075ed994e898ab2a5c5aecbf, type: 3}
      propertyPath: m_LocalEulerAnglesHint.y
      value: -31.835001
      objectReference: {fileID: 0}
    - target: {fileID: 400000, guid: bffda3ee075ed994e898ab2a5c5aecbf, type: 3}
      propertyPath: m_LocalEulerAnglesHint.z
      value: 0
      objectReference: {fileID: 0}
    - target: {fileID: 400000, guid: bffda3ee075ed994e898ab2a5c5aecbf, type: 3}
      propertyPath: m_LocalScale.x
      value: 0.43165165
      objectReference: {fileID: 0}
    - target: {fileID: 400000, guid: bffda3ee075ed994e898ab2a5c5aecbf, type: 3}
      propertyPath: m_LocalScale.y
      value: 0.43165165
      objectReference: {fileID: 0}
    - target: {fileID: 400000, guid: bffda3ee075ed994e898ab2a5c5aecbf, type: 3}
      propertyPath: m_LocalScale.z
      value: 0.43165165
      objectReference: {fileID: 0}
    m_RemovedComponents: []
  m_SourcePrefab: {fileID: 100100000, guid: bffda3ee075ed994e898ab2a5c5aecbf, type: 3}
--- !u!4 &6825385078109419426 stripped
Transform:
  m_CorrespondingSourceObject: {fileID: 400000, guid: bffda3ee075ed994e898ab2a5c5aecbf,
    type: 3}
  m_PrefabInstance: {fileID: 6825385078109023522}
  m_PrefabAsset: {fileID: 0}
--- !u!1001 &6897354030210271198
PrefabInstance:
  m_ObjectHideFlags: 0
  serializedVersion: 2
  m_Modification:
    m_TransformParent: {fileID: 8100626108729424732}
    m_Modifications:
    - target: {fileID: 100000, guid: b84fe12257fd0d6468c176a0e30f05ad, type: 3}
      propertyPath: m_Name
      value: fi_vil_combs_props_urn04a
      objectReference: {fileID: 0}
    - target: {fileID: 400000, guid: b84fe12257fd0d6468c176a0e30f05ad, type: 3}
      propertyPath: m_LocalPosition.x
      value: -2.782
      objectReference: {fileID: 0}
    - target: {fileID: 400000, guid: b84fe12257fd0d6468c176a0e30f05ad, type: 3}
      propertyPath: m_LocalPosition.y
      value: 0
      objectReference: {fileID: 0}
    - target: {fileID: 400000, guid: b84fe12257fd0d6468c176a0e30f05ad, type: 3}
      propertyPath: m_LocalPosition.z
      value: -1.501
      objectReference: {fileID: 0}
    - target: {fileID: 400000, guid: b84fe12257fd0d6468c176a0e30f05ad, type: 3}
      propertyPath: m_LocalRotation.x
      value: -0
      objectReference: {fileID: 0}
    - target: {fileID: 400000, guid: b84fe12257fd0d6468c176a0e30f05ad, type: 3}
      propertyPath: m_LocalRotation.y
      value: -0
      objectReference: {fileID: 0}
    - target: {fileID: 400000, guid: b84fe12257fd0d6468c176a0e30f05ad, type: 3}
      propertyPath: m_LocalRotation.z
      value: -0
      objectReference: {fileID: 0}
    - target: {fileID: 400000, guid: b84fe12257fd0d6468c176a0e30f05ad, type: 3}
      propertyPath: m_LocalRotation.w
      value: 1
      objectReference: {fileID: 0}
    - target: {fileID: 400000, guid: b84fe12257fd0d6468c176a0e30f05ad, type: 3}
      propertyPath: m_RootOrder
      value: 10
      objectReference: {fileID: 0}
    - target: {fileID: 400000, guid: b84fe12257fd0d6468c176a0e30f05ad, type: 3}
      propertyPath: m_LocalEulerAnglesHint.x
      value: 0
      objectReference: {fileID: 0}
    - target: {fileID: 400000, guid: b84fe12257fd0d6468c176a0e30f05ad, type: 3}
      propertyPath: m_LocalEulerAnglesHint.y
      value: 0
      objectReference: {fileID: 0}
    - target: {fileID: 400000, guid: b84fe12257fd0d6468c176a0e30f05ad, type: 3}
      propertyPath: m_LocalEulerAnglesHint.z
      value: 0
      objectReference: {fileID: 0}
    - target: {fileID: 400000, guid: b84fe12257fd0d6468c176a0e30f05ad, type: 3}
      propertyPath: m_LocalScale.x
      value: 0.43165165
      objectReference: {fileID: 0}
    - target: {fileID: 400000, guid: b84fe12257fd0d6468c176a0e30f05ad, type: 3}
      propertyPath: m_LocalScale.y
      value: 0.43165165
      objectReference: {fileID: 0}
    - target: {fileID: 400000, guid: b84fe12257fd0d6468c176a0e30f05ad, type: 3}
      propertyPath: m_LocalScale.z
      value: 0.43165165
      objectReference: {fileID: 0}
    m_RemovedComponents: []
  m_SourcePrefab: {fileID: 100100000, guid: b84fe12257fd0d6468c176a0e30f05ad, type: 3}
--- !u!4 &6897354030210407774 stripped
Transform:
  m_CorrespondingSourceObject: {fileID: 400000, guid: b84fe12257fd0d6468c176a0e30f05ad,
    type: 3}
  m_PrefabInstance: {fileID: 6897354030210271198}
  m_PrefabAsset: {fileID: 0}
--- !u!1001 &7738573844312733046
PrefabInstance:
  m_ObjectHideFlags: 0
  serializedVersion: 2
  m_Modification:
    m_TransformParent: {fileID: 8100626108729424732}
    m_Modifications:
    - target: {fileID: 100000, guid: 74218b3d14bad3e438baa4b8b6845ff8, type: 3}
      propertyPath: m_Name
      value: fi_vil_combs_props_urn05a
      objectReference: {fileID: 0}
    - target: {fileID: 400000, guid: 74218b3d14bad3e438baa4b8b6845ff8, type: 3}
      propertyPath: m_LocalPosition.x
      value: -0.13399997
      objectReference: {fileID: 0}
    - target: {fileID: 400000, guid: 74218b3d14bad3e438baa4b8b6845ff8, type: 3}
      propertyPath: m_LocalPosition.y
      value: 0
      objectReference: {fileID: 0}
    - target: {fileID: 400000, guid: 74218b3d14bad3e438baa4b8b6845ff8, type: 3}
      propertyPath: m_LocalPosition.z
      value: 0.30900002
      objectReference: {fileID: 0}
    - target: {fileID: 400000, guid: 74218b3d14bad3e438baa4b8b6845ff8, type: 3}
      propertyPath: m_LocalRotation.x
      value: -0
      objectReference: {fileID: 0}
    - target: {fileID: 400000, guid: 74218b3d14bad3e438baa4b8b6845ff8, type: 3}
      propertyPath: m_LocalRotation.y
      value: -0
      objectReference: {fileID: 0}
    - target: {fileID: 400000, guid: 74218b3d14bad3e438baa4b8b6845ff8, type: 3}
      propertyPath: m_LocalRotation.z
      value: -0
      objectReference: {fileID: 0}
    - target: {fileID: 400000, guid: 74218b3d14bad3e438baa4b8b6845ff8, type: 3}
      propertyPath: m_LocalRotation.w
      value: 1
      objectReference: {fileID: 0}
    - target: {fileID: 400000, guid: 74218b3d14bad3e438baa4b8b6845ff8, type: 3}
      propertyPath: m_RootOrder
      value: 5
      objectReference: {fileID: 0}
    - target: {fileID: 400000, guid: 74218b3d14bad3e438baa4b8b6845ff8, type: 3}
      propertyPath: m_LocalEulerAnglesHint.x
      value: 0
      objectReference: {fileID: 0}
    - target: {fileID: 400000, guid: 74218b3d14bad3e438baa4b8b6845ff8, type: 3}
      propertyPath: m_LocalEulerAnglesHint.y
      value: 0
      objectReference: {fileID: 0}
    - target: {fileID: 400000, guid: 74218b3d14bad3e438baa4b8b6845ff8, type: 3}
      propertyPath: m_LocalEulerAnglesHint.z
      value: 0
      objectReference: {fileID: 0}
    - target: {fileID: 400000, guid: 74218b3d14bad3e438baa4b8b6845ff8, type: 3}
      propertyPath: m_LocalScale.x
      value: 0.84773
      objectReference: {fileID: 0}
    - target: {fileID: 400000, guid: 74218b3d14bad3e438baa4b8b6845ff8, type: 3}
      propertyPath: m_LocalScale.y
      value: 0.84773
      objectReference: {fileID: 0}
    - target: {fileID: 400000, guid: 74218b3d14bad3e438baa4b8b6845ff8, type: 3}
      propertyPath: m_LocalScale.z
      value: 0.84773
      objectReference: {fileID: 0}
    m_RemovedComponents: []
  m_SourcePrefab: {fileID: 100100000, guid: 74218b3d14bad3e438baa4b8b6845ff8, type: 3}
--- !u!4 &7738573844312862710 stripped
Transform:
  m_CorrespondingSourceObject: {fileID: 400000, guid: 74218b3d14bad3e438baa4b8b6845ff8,
    type: 3}
  m_PrefabInstance: {fileID: 7738573844312733046}
  m_PrefabAsset: {fileID: 0}
--- !u!1001 &7848423881426512542
PrefabInstance:
  m_ObjectHideFlags: 0
  serializedVersion: 2
  m_Modification:
    m_TransformParent: {fileID: 8100626108729424732}
    m_Modifications:
    - target: {fileID: 100000, guid: bffda3ee075ed994e898ab2a5c5aecbf, type: 3}
      propertyPath: m_Name
      value: fi_vil_combs_props_urn04c
      objectReference: {fileID: 0}
    - target: {fileID: 400000, guid: bffda3ee075ed994e898ab2a5c5aecbf, type: 3}
      propertyPath: m_LocalPosition.x
      value: -1.65
      objectReference: {fileID: 0}
    - target: {fileID: 400000, guid: bffda3ee075ed994e898ab2a5c5aecbf, type: 3}
      propertyPath: m_LocalPosition.y
      value: 0
      objectReference: {fileID: 0}
    - target: {fileID: 400000, guid: bffda3ee075ed994e898ab2a5c5aecbf, type: 3}
      propertyPath: m_LocalPosition.z
      value: -2.313
      objectReference: {fileID: 0}
    - target: {fileID: 400000, guid: bffda3ee075ed994e898ab2a5c5aecbf, type: 3}
      propertyPath: m_LocalRotation.x
      value: -0
      objectReference: {fileID: 0}
    - target: {fileID: 400000, guid: bffda3ee075ed994e898ab2a5c5aecbf, type: 3}
      propertyPath: m_LocalRotation.y
      value: -0.27425316
      objectReference: {fileID: 0}
    - target: {fileID: 400000, guid: bffda3ee075ed994e898ab2a5c5aecbf, type: 3}
      propertyPath: m_LocalRotation.z
      value: -0
      objectReference: {fileID: 0}
    - target: {fileID: 400000, guid: bffda3ee075ed994e898ab2a5c5aecbf, type: 3}
      propertyPath: m_LocalRotation.w
      value: 0.9616576
      objectReference: {fileID: 0}
    - target: {fileID: 400000, guid: bffda3ee075ed994e898ab2a5c5aecbf, type: 3}
      propertyPath: m_RootOrder
      value: 11
      objectReference: {fileID: 0}
    - target: {fileID: 400000, guid: bffda3ee075ed994e898ab2a5c5aecbf, type: 3}
      propertyPath: m_LocalEulerAnglesHint.x
      value: 0
      objectReference: {fileID: 0}
    - target: {fileID: 400000, guid: bffda3ee075ed994e898ab2a5c5aecbf, type: 3}
      propertyPath: m_LocalEulerAnglesHint.y
      value: -31.835001
      objectReference: {fileID: 0}
    - target: {fileID: 400000, guid: bffda3ee075ed994e898ab2a5c5aecbf, type: 3}
      propertyPath: m_LocalEulerAnglesHint.z
      value: 0
      objectReference: {fileID: 0}
    - target: {fileID: 400000, guid: bffda3ee075ed994e898ab2a5c5aecbf, type: 3}
      propertyPath: m_LocalScale.x
      value: 0.43165165
      objectReference: {fileID: 0}
    - target: {fileID: 400000, guid: bffda3ee075ed994e898ab2a5c5aecbf, type: 3}
      propertyPath: m_LocalScale.y
      value: 0.43165165
      objectReference: {fileID: 0}
    - target: {fileID: 400000, guid: bffda3ee075ed994e898ab2a5c5aecbf, type: 3}
      propertyPath: m_LocalScale.z
      value: 0.43165165
      objectReference: {fileID: 0}
    m_RemovedComponents: []
  m_SourcePrefab: {fileID: 100100000, guid: bffda3ee075ed994e898ab2a5c5aecbf, type: 3}
--- !u!4 &7848423881426120734 stripped
Transform:
  m_CorrespondingSourceObject: {fileID: 400000, guid: bffda3ee075ed994e898ab2a5c5aecbf,
    type: 3}
  m_PrefabInstance: {fileID: 7848423881426512542}
  m_PrefabAsset: {fileID: 0}
--- !u!1001 &7884194704926643751
PrefabInstance:
  m_ObjectHideFlags: 0
  serializedVersion: 2
  m_Modification:
    m_TransformParent: {fileID: 8100626108714984185}
    m_Modifications:
    - target: {fileID: 113516, guid: dbdc8ab58b42d8b4e91cbfde3994b700, type: 3}
      propertyPath: m_Name
      value: fe_vil_Stall15c_black
      objectReference: {fileID: 0}
    - target: {fileID: 431202, guid: dbdc8ab58b42d8b4e91cbfde3994b700, type: 3}
      propertyPath: m_LocalPosition.x
      value: 0
      objectReference: {fileID: 0}
    - target: {fileID: 431202, guid: dbdc8ab58b42d8b4e91cbfde3994b700, type: 3}
      propertyPath: m_LocalPosition.y
      value: 0
      objectReference: {fileID: 0}
    - target: {fileID: 431202, guid: dbdc8ab58b42d8b4e91cbfde3994b700, type: 3}
      propertyPath: m_LocalPosition.z
      value: 0
      objectReference: {fileID: 0}
    - target: {fileID: 431202, guid: dbdc8ab58b42d8b4e91cbfde3994b700, type: 3}
      propertyPath: m_LocalRotation.x
      value: -0
      objectReference: {fileID: 0}
    - target: {fileID: 431202, guid: dbdc8ab58b42d8b4e91cbfde3994b700, type: 3}
      propertyPath: m_LocalRotation.y
      value: -0
      objectReference: {fileID: 0}
    - target: {fileID: 431202, guid: dbdc8ab58b42d8b4e91cbfde3994b700, type: 3}
      propertyPath: m_LocalRotation.z
      value: -0
      objectReference: {fileID: 0}
    - target: {fileID: 431202, guid: dbdc8ab58b42d8b4e91cbfde3994b700, type: 3}
      propertyPath: m_LocalRotation.w
      value: 1
      objectReference: {fileID: 0}
    - target: {fileID: 431202, guid: dbdc8ab58b42d8b4e91cbfde3994b700, type: 3}
      propertyPath: m_RootOrder
      value: 1
      objectReference: {fileID: 0}
    - target: {fileID: 431202, guid: dbdc8ab58b42d8b4e91cbfde3994b700, type: 3}
      propertyPath: m_LocalEulerAnglesHint.x
      value: 0
      objectReference: {fileID: 0}
    - target: {fileID: 431202, guid: dbdc8ab58b42d8b4e91cbfde3994b700, type: 3}
      propertyPath: m_LocalEulerAnglesHint.y
      value: 0
      objectReference: {fileID: 0}
    - target: {fileID: 431202, guid: dbdc8ab58b42d8b4e91cbfde3994b700, type: 3}
      propertyPath: m_LocalEulerAnglesHint.z
      value: 0
      objectReference: {fileID: 0}
    m_RemovedComponents: []
  m_SourcePrefab: {fileID: 100100000, guid: dbdc8ab58b42d8b4e91cbfde3994b700, type: 3}
--- !u!4 &7884194704926802501 stripped
Transform:
  m_CorrespondingSourceObject: {fileID: 431202, guid: dbdc8ab58b42d8b4e91cbfde3994b700,
    type: 3}
  m_PrefabInstance: {fileID: 7884194704926643751}
  m_PrefabAsset: {fileID: 0}
--- !u!1001 &8390489996816036342
PrefabInstance:
  m_ObjectHideFlags: 0
  serializedVersion: 2
  m_Modification:
    m_TransformParent: {fileID: 8100626108729424732}
    m_Modifications:
    - target: {fileID: 100000, guid: 6bcdcdd1dbbf4ad4aa6bb9c08e5c4118, type: 3}
      propertyPath: m_Name
      value: fi_vil_forge_stool1
      objectReference: {fileID: 0}
    - target: {fileID: 100000, guid: 6bcdcdd1dbbf4ad4aa6bb9c08e5c4118, type: 3}
      propertyPath: m_IsActive
      value: 1
      objectReference: {fileID: 0}
    - target: {fileID: 400000, guid: 6bcdcdd1dbbf4ad4aa6bb9c08e5c4118, type: 3}
      propertyPath: m_LocalPosition.x
      value: 4.216
      objectReference: {fileID: 0}
    - target: {fileID: 400000, guid: 6bcdcdd1dbbf4ad4aa6bb9c08e5c4118, type: 3}
      propertyPath: m_LocalPosition.y
      value: 0
      objectReference: {fileID: 0}
    - target: {fileID: 400000, guid: 6bcdcdd1dbbf4ad4aa6bb9c08e5c4118, type: 3}
      propertyPath: m_LocalPosition.z
      value: -0.899
      objectReference: {fileID: 0}
    - target: {fileID: 400000, guid: 6bcdcdd1dbbf4ad4aa6bb9c08e5c4118, type: 3}
      propertyPath: m_LocalRotation.x
      value: -0
      objectReference: {fileID: 0}
    - target: {fileID: 400000, guid: 6bcdcdd1dbbf4ad4aa6bb9c08e5c4118, type: 3}
      propertyPath: m_LocalRotation.y
      value: -0.39273813
      objectReference: {fileID: 0}
    - target: {fileID: 400000, guid: 6bcdcdd1dbbf4ad4aa6bb9c08e5c4118, type: 3}
      propertyPath: m_LocalRotation.z
      value: -0
      objectReference: {fileID: 0}
    - target: {fileID: 400000, guid: 6bcdcdd1dbbf4ad4aa6bb9c08e5c4118, type: 3}
      propertyPath: m_LocalRotation.w
      value: 0.9196504
      objectReference: {fileID: 0}
    - target: {fileID: 400000, guid: 6bcdcdd1dbbf4ad4aa6bb9c08e5c4118, type: 3}
      propertyPath: m_RootOrder
      value: 25
      objectReference: {fileID: 0}
    - target: {fileID: 400000, guid: 6bcdcdd1dbbf4ad4aa6bb9c08e5c4118, type: 3}
      propertyPath: m_LocalEulerAnglesHint.x
      value: 0
      objectReference: {fileID: 0}
    - target: {fileID: 400000, guid: 6bcdcdd1dbbf4ad4aa6bb9c08e5c4118, type: 3}
      propertyPath: m_LocalEulerAnglesHint.y
      value: -46.250004
      objectReference: {fileID: 0}
    - target: {fileID: 400000, guid: 6bcdcdd1dbbf4ad4aa6bb9c08e5c4118, type: 3}
      propertyPath: m_LocalEulerAnglesHint.z
      value: 0
      objectReference: {fileID: 0}
    m_RemovedComponents: []
  m_SourcePrefab: {fileID: 100100000, guid: 6bcdcdd1dbbf4ad4aa6bb9c08e5c4118, type: 3}
--- !u!4 &8390489996816427894 stripped
Transform:
  m_CorrespondingSourceObject: {fileID: 400000, guid: 6bcdcdd1dbbf4ad4aa6bb9c08e5c4118,
    type: 3}
  m_PrefabInstance: {fileID: 8390489996816036342}
  m_PrefabAsset: {fileID: 0}
--- !u!1001 &8410795169083342086
PrefabInstance:
  m_ObjectHideFlags: 0
  serializedVersion: 2
  m_Modification:
    m_TransformParent: {fileID: 8100626108729424732}
    m_Modifications:
    - target: {fileID: 100000, guid: e40c5338e3fc7e94083512e151b9d68c, type: 3}
      propertyPath: m_Name
      value: fi_vil_combs_props_urn04b
      objectReference: {fileID: 0}
    - target: {fileID: 400000, guid: e40c5338e3fc7e94083512e151b9d68c, type: 3}
      propertyPath: m_LocalPosition.x
      value: -1.965
      objectReference: {fileID: 0}
    - target: {fileID: 400000, guid: e40c5338e3fc7e94083512e151b9d68c, type: 3}
      propertyPath: m_LocalPosition.y
      value: 0
      objectReference: {fileID: 0}
    - target: {fileID: 400000, guid: e40c5338e3fc7e94083512e151b9d68c, type: 3}
      propertyPath: m_LocalPosition.z
      value: 1.898
      objectReference: {fileID: 0}
    - target: {fileID: 400000, guid: e40c5338e3fc7e94083512e151b9d68c, type: 3}
      propertyPath: m_LocalRotation.x
      value: -0
      objectReference: {fileID: 0}
    - target: {fileID: 400000, guid: e40c5338e3fc7e94083512e151b9d68c, type: 3}
      propertyPath: m_LocalRotation.y
      value: 0.7641744
      objectReference: {fileID: 0}
    - target: {fileID: 400000, guid: e40c5338e3fc7e94083512e151b9d68c, type: 3}
      propertyPath: m_LocalRotation.z
      value: -0
      objectReference: {fileID: 0}
    - target: {fileID: 400000, guid: e40c5338e3fc7e94083512e151b9d68c, type: 3}
      propertyPath: m_LocalRotation.w
      value: 0.64500976
      objectReference: {fileID: 0}
    - target: {fileID: 400000, guid: e40c5338e3fc7e94083512e151b9d68c, type: 3}
      propertyPath: m_RootOrder
      value: 6
      objectReference: {fileID: 0}
    - target: {fileID: 400000, guid: e40c5338e3fc7e94083512e151b9d68c, type: 3}
      propertyPath: m_LocalEulerAnglesHint.x
      value: 0
      objectReference: {fileID: 0}
    - target: {fileID: 400000, guid: e40c5338e3fc7e94083512e151b9d68c, type: 3}
      propertyPath: m_LocalEulerAnglesHint.y
      value: 99.66701
      objectReference: {fileID: 0}
    - target: {fileID: 400000, guid: e40c5338e3fc7e94083512e151b9d68c, type: 3}
      propertyPath: m_LocalEulerAnglesHint.z
      value: 0
      objectReference: {fileID: 0}
    - target: {fileID: 400000, guid: e40c5338e3fc7e94083512e151b9d68c, type: 3}
      propertyPath: m_LocalScale.x
      value: 0.8477304
      objectReference: {fileID: 0}
    - target: {fileID: 400000, guid: e40c5338e3fc7e94083512e151b9d68c, type: 3}
      propertyPath: m_LocalScale.y
      value: 0.84773
      objectReference: {fileID: 0}
    - target: {fileID: 400000, guid: e40c5338e3fc7e94083512e151b9d68c, type: 3}
      propertyPath: m_LocalScale.z
      value: 0.8477304
      objectReference: {fileID: 0}
    m_RemovedComponents: []
  m_SourcePrefab: {fileID: 100100000, guid: e40c5338e3fc7e94083512e151b9d68c, type: 3}
--- !u!4 &8410795169083729798 stripped
Transform:
  m_CorrespondingSourceObject: {fileID: 400000, guid: e40c5338e3fc7e94083512e151b9d68c,
    type: 3}
  m_PrefabInstance: {fileID: 8410795169083342086}
  m_PrefabAsset: {fileID: 0}
--- !u!1001 &8576986289768666746
PrefabInstance:
  m_ObjectHideFlags: 0
  serializedVersion: 2
  m_Modification:
    m_TransformParent: {fileID: 8100626108729424732}
    m_Modifications:
    - target: {fileID: 100000, guid: bffda3ee075ed994e898ab2a5c5aecbf, type: 3}
      propertyPath: m_Name
      value: fi_vil_combs_props_urn04c
      objectReference: {fileID: 0}
    - target: {fileID: 400000, guid: bffda3ee075ed994e898ab2a5c5aecbf, type: 3}
      propertyPath: m_LocalPosition.x
      value: -3.001
      objectReference: {fileID: 0}
    - target: {fileID: 400000, guid: bffda3ee075ed994e898ab2a5c5aecbf, type: 3}
      propertyPath: m_LocalPosition.y
      value: 0
      objectReference: {fileID: 0}
    - target: {fileID: 400000, guid: bffda3ee075ed994e898ab2a5c5aecbf, type: 3}
      propertyPath: m_LocalPosition.z
      value: -1.881
      objectReference: {fileID: 0}
    - target: {fileID: 400000, guid: bffda3ee075ed994e898ab2a5c5aecbf, type: 3}
      propertyPath: m_LocalRotation.x
      value: -0
      objectReference: {fileID: 0}
    - target: {fileID: 400000, guid: bffda3ee075ed994e898ab2a5c5aecbf, type: 3}
      propertyPath: m_LocalRotation.y
      value: -0.27425316
      objectReference: {fileID: 0}
    - target: {fileID: 400000, guid: bffda3ee075ed994e898ab2a5c5aecbf, type: 3}
      propertyPath: m_LocalRotation.z
      value: -0
      objectReference: {fileID: 0}
    - target: {fileID: 400000, guid: bffda3ee075ed994e898ab2a5c5aecbf, type: 3}
      propertyPath: m_LocalRotation.w
      value: 0.9616576
      objectReference: {fileID: 0}
    - target: {fileID: 400000, guid: bffda3ee075ed994e898ab2a5c5aecbf, type: 3}
      propertyPath: m_RootOrder
      value: 17
      objectReference: {fileID: 0}
    - target: {fileID: 400000, guid: bffda3ee075ed994e898ab2a5c5aecbf, type: 3}
      propertyPath: m_LocalEulerAnglesHint.x
      value: 0
      objectReference: {fileID: 0}
    - target: {fileID: 400000, guid: bffda3ee075ed994e898ab2a5c5aecbf, type: 3}
      propertyPath: m_LocalEulerAnglesHint.y
      value: -31.835001
      objectReference: {fileID: 0}
    - target: {fileID: 400000, guid: bffda3ee075ed994e898ab2a5c5aecbf, type: 3}
      propertyPath: m_LocalEulerAnglesHint.z
      value: 0
      objectReference: {fileID: 0}
    - target: {fileID: 400000, guid: bffda3ee075ed994e898ab2a5c5aecbf, type: 3}
      propertyPath: m_LocalScale.x
      value: 0.43165165
      objectReference: {fileID: 0}
    - target: {fileID: 400000, guid: bffda3ee075ed994e898ab2a5c5aecbf, type: 3}
      propertyPath: m_LocalScale.y
      value: 0.43165165
      objectReference: {fileID: 0}
    - target: {fileID: 400000, guid: bffda3ee075ed994e898ab2a5c5aecbf, type: 3}
      propertyPath: m_LocalScale.z
      value: 0.43165165
      objectReference: {fileID: 0}
    m_RemovedComponents: []
  m_SourcePrefab: {fileID: 100100000, guid: bffda3ee075ed994e898ab2a5c5aecbf, type: 3}
--- !u!4 &8576986289768271098 stripped
Transform:
  m_CorrespondingSourceObject: {fileID: 400000, guid: bffda3ee075ed994e898ab2a5c5aecbf,
    type: 3}
  m_PrefabInstance: {fileID: 8576986289768666746}
  m_PrefabAsset: {fileID: 0}
--- !u!1001 &8734084950084902842
PrefabInstance:
  m_ObjectHideFlags: 0
  serializedVersion: 2
  m_Modification:
    m_TransformParent: {fileID: 8100626108729424732}
    m_Modifications:
    - target: {fileID: 100000, guid: bf27de452fef9204585e86345c026523, type: 3}
      propertyPath: m_Name
      value: fi_vil_woven_carpet12
      objectReference: {fileID: 0}
    - target: {fileID: 400000, guid: bf27de452fef9204585e86345c026523, type: 3}
      propertyPath: m_LocalPosition.x
      value: 0.085
      objectReference: {fileID: 0}
    - target: {fileID: 400000, guid: bf27de452fef9204585e86345c026523, type: 3}
      propertyPath: m_LocalPosition.y
      value: 0.015
      objectReference: {fileID: 0}
    - target: {fileID: 400000, guid: bf27de452fef9204585e86345c026523, type: 3}
      propertyPath: m_LocalPosition.z
      value: 1.75
      objectReference: {fileID: 0}
    - target: {fileID: 400000, guid: bf27de452fef9204585e86345c026523, type: 3}
      propertyPath: m_LocalRotation.x
      value: -0
      objectReference: {fileID: 0}
    - target: {fileID: 400000, guid: bf27de452fef9204585e86345c026523, type: 3}
      propertyPath: m_LocalRotation.y
      value: -0.74653924
      objectReference: {fileID: 0}
    - target: {fileID: 400000, guid: bf27de452fef9204585e86345c026523, type: 3}
      propertyPath: m_LocalRotation.z
      value: -0
      objectReference: {fileID: 0}
    - target: {fileID: 400000, guid: bf27de452fef9204585e86345c026523, type: 3}
      propertyPath: m_LocalRotation.w
      value: 0.6653414
      objectReference: {fileID: 0}
    - target: {fileID: 400000, guid: bf27de452fef9204585e86345c026523, type: 3}
      propertyPath: m_RootOrder
      value: 21
      objectReference: {fileID: 0}
    - target: {fileID: 400000, guid: bf27de452fef9204585e86345c026523, type: 3}
      propertyPath: m_LocalEulerAnglesHint.x
      value: 0
      objectReference: {fileID: 0}
    - target: {fileID: 400000, guid: bf27de452fef9204585e86345c026523, type: 3}
      propertyPath: m_LocalEulerAnglesHint.y
      value: -96.58301
      objectReference: {fileID: 0}
    - target: {fileID: 400000, guid: bf27de452fef9204585e86345c026523, type: 3}
      propertyPath: m_LocalEulerAnglesHint.z
      value: 0
      objectReference: {fileID: 0}
    m_RemovedComponents: []
  m_SourcePrefab: {fileID: 100100000, guid: bf27de452fef9204585e86345c026523, type: 3}
--- !u!4 &8734084950084764986 stripped
Transform:
  m_CorrespondingSourceObject: {fileID: 400000, guid: bf27de452fef9204585e86345c026523,
    type: 3}
  m_PrefabInstance: {fileID: 8734084950084902842}
  m_PrefabAsset: {fileID: 0}
--- !u!1001 &8856677971922109717
PrefabInstance:
  m_ObjectHideFlags: 0
  serializedVersion: 2
  m_Modification:
    m_TransformParent: {fileID: 8100626108729424732}
    m_Modifications:
    - target: {fileID: 100000, guid: f0487148d8cf3f740af269b25886a6a6, type: 3}
      propertyPath: m_Name
      value: fi_vil_combs_props_urn06c
      objectReference: {fileID: 0}
    - target: {fileID: 400000, guid: f0487148d8cf3f740af269b25886a6a6, type: 3}
      propertyPath: m_LocalPosition.x
      value: -3.344
      objectReference: {fileID: 0}
    - target: {fileID: 400000, guid: f0487148d8cf3f740af269b25886a6a6, type: 3}
      propertyPath: m_LocalPosition.y
      value: 0
      objectReference: {fileID: 0}
    - target: {fileID: 400000, guid: f0487148d8cf3f740af269b25886a6a6, type: 3}
      propertyPath: m_LocalPosition.z
      value: 1.49
      objectReference: {fileID: 0}
    - target: {fileID: 400000, guid: f0487148d8cf3f740af269b25886a6a6, type: 3}
      propertyPath: m_LocalRotation.x
      value: -0
      objectReference: {fileID: 0}
    - target: {fileID: 400000, guid: f0487148d8cf3f740af269b25886a6a6, type: 3}
      propertyPath: m_LocalRotation.y
      value: 0.29197744
      objectReference: {fileID: 0}
    - target: {fileID: 400000, guid: f0487148d8cf3f740af269b25886a6a6, type: 3}
      propertyPath: m_LocalRotation.z
      value: -0
      objectReference: {fileID: 0}
    - target: {fileID: 400000, guid: f0487148d8cf3f740af269b25886a6a6, type: 3}
      propertyPath: m_LocalRotation.w
      value: 0.95642525
      objectReference: {fileID: 0}
    - target: {fileID: 400000, guid: f0487148d8cf3f740af269b25886a6a6, type: 3}
      propertyPath: m_RootOrder
      value: 14
      objectReference: {fileID: 0}
    - target: {fileID: 400000, guid: f0487148d8cf3f740af269b25886a6a6, type: 3}
      propertyPath: m_LocalEulerAnglesHint.x
      value: 0
      objectReference: {fileID: 0}
    - target: {fileID: 400000, guid: f0487148d8cf3f740af269b25886a6a6, type: 3}
      propertyPath: m_LocalEulerAnglesHint.y
      value: 33.953003
      objectReference: {fileID: 0}
    - target: {fileID: 400000, guid: f0487148d8cf3f740af269b25886a6a6, type: 3}
      propertyPath: m_LocalEulerAnglesHint.z
      value: 0
      objectReference: {fileID: 0}
    - target: {fileID: 400000, guid: f0487148d8cf3f740af269b25886a6a6, type: 3}
      propertyPath: m_LocalScale.x
      value: 0.63751
      objectReference: {fileID: 0}
    - target: {fileID: 400000, guid: f0487148d8cf3f740af269b25886a6a6, type: 3}
      propertyPath: m_LocalScale.y
      value: 0.63751
      objectReference: {fileID: 0}
    - target: {fileID: 400000, guid: f0487148d8cf3f740af269b25886a6a6, type: 3}
      propertyPath: m_LocalScale.z
      value: 0.63751
      objectReference: {fileID: 0}
    m_RemovedComponents: []
  m_SourcePrefab: {fileID: 100100000, guid: f0487148d8cf3f740af269b25886a6a6, type: 3}
--- !u!4 &8856677971922509717 stripped
Transform:
  m_CorrespondingSourceObject: {fileID: 400000, guid: f0487148d8cf3f740af269b25886a6a6,
    type: 3}
  m_PrefabInstance: {fileID: 8856677971922109717}
  m_PrefabAsset: {fileID: 0}
--- !u!1001 &9047334534340476197
PrefabInstance:
  m_ObjectHideFlags: 0
  serializedVersion: 2
  m_Modification:
    m_TransformParent: {fileID: 8100626108729424732}
    m_Modifications:
    - target: {fileID: 100000, guid: e40c5338e3fc7e94083512e151b9d68c, type: 3}
      propertyPath: m_Name
      value: fi_vil_combs_props_urn04b
      objectReference: {fileID: 0}
    - target: {fileID: 400000, guid: e40c5338e3fc7e94083512e151b9d68c, type: 3}
      propertyPath: m_LocalPosition.x
      value: 0.693
      objectReference: {fileID: 0}
    - target: {fileID: 400000, guid: e40c5338e3fc7e94083512e151b9d68c, type: 3}
      propertyPath: m_LocalPosition.y
      value: 0
      objectReference: {fileID: 0}
    - target: {fileID: 400000, guid: e40c5338e3fc7e94083512e151b9d68c, type: 3}
      propertyPath: m_LocalPosition.z
      value: -0.729
      objectReference: {fileID: 0}
    - target: {fileID: 400000, guid: e40c5338e3fc7e94083512e151b9d68c, type: 3}
      propertyPath: m_LocalRotation.x
      value: -0
      objectReference: {fileID: 0}
    - target: {fileID: 400000, guid: e40c5338e3fc7e94083512e151b9d68c, type: 3}
      propertyPath: m_LocalRotation.y
      value: 0.9024008
      objectReference: {fileID: 0}
    - target: {fileID: 400000, guid: e40c5338e3fc7e94083512e151b9d68c, type: 3}
      propertyPath: m_LocalRotation.z
      value: -0
      objectReference: {fileID: 0}
    - target: {fileID: 400000, guid: e40c5338e3fc7e94083512e151b9d68c, type: 3}
      propertyPath: m_LocalRotation.w
      value: 0.43089786
      objectReference: {fileID: 0}
    - target: {fileID: 400000, guid: e40c5338e3fc7e94083512e151b9d68c, type: 3}
      propertyPath: m_RootOrder
      value: 20
      objectReference: {fileID: 0}
    - target: {fileID: 400000, guid: e40c5338e3fc7e94083512e151b9d68c, type: 3}
      propertyPath: m_LocalEulerAnglesHint.x
      value: 0
      objectReference: {fileID: 0}
    - target: {fileID: 400000, guid: e40c5338e3fc7e94083512e151b9d68c, type: 3}
      propertyPath: m_LocalEulerAnglesHint.y
      value: 128.951
      objectReference: {fileID: 0}
    - target: {fileID: 400000, guid: e40c5338e3fc7e94083512e151b9d68c, type: 3}
      propertyPath: m_LocalEulerAnglesHint.z
      value: 0
      objectReference: {fileID: 0}
    - target: {fileID: 400000, guid: e40c5338e3fc7e94083512e151b9d68c, type: 3}
      propertyPath: m_LocalScale.x
      value: 0.8477304
      objectReference: {fileID: 0}
    - target: {fileID: 400000, guid: e40c5338e3fc7e94083512e151b9d68c, type: 3}
      propertyPath: m_LocalScale.y
      value: 0.84773
      objectReference: {fileID: 0}
    - target: {fileID: 400000, guid: e40c5338e3fc7e94083512e151b9d68c, type: 3}
      propertyPath: m_LocalScale.z
      value: 0.8477304
      objectReference: {fileID: 0}
    m_RemovedComponents: []
  m_SourcePrefab: {fileID: 100100000, guid: e40c5338e3fc7e94083512e151b9d68c, type: 3}
--- !u!4 &9047334534340339621 stripped
Transform:
  m_CorrespondingSourceObject: {fileID: 400000, guid: e40c5338e3fc7e94083512e151b9d68c,
    type: 3}
  m_PrefabInstance: {fileID: 9047334534340476197}
  m_PrefabAsset: {fileID: 0}
--- !u!1001 &9098539982801169784
PrefabInstance:
  m_ObjectHideFlags: 0
  serializedVersion: 2
  m_Modification:
    m_TransformParent: {fileID: 8100626108729424732}
    m_Modifications:
    - target: {fileID: 100000, guid: f26863703f9a90f47a84ea4d7255fc27, type: 3}
      propertyPath: m_Name
      value: fi_vil_combs_props_urn02a
      objectReference: {fileID: 0}
    - target: {fileID: 400000, guid: f26863703f9a90f47a84ea4d7255fc27, type: 3}
      propertyPath: m_LocalPosition.x
      value: -3.254
      objectReference: {fileID: 0}
    - target: {fileID: 400000, guid: f26863703f9a90f47a84ea4d7255fc27, type: 3}
      propertyPath: m_LocalPosition.y
      value: 0
      objectReference: {fileID: 0}
    - target: {fileID: 400000, guid: f26863703f9a90f47a84ea4d7255fc27, type: 3}
      propertyPath: m_LocalPosition.z
      value: -1.486
      objectReference: {fileID: 0}
    - target: {fileID: 400000, guid: f26863703f9a90f47a84ea4d7255fc27, type: 3}
      propertyPath: m_LocalRotation.x
      value: -0
      objectReference: {fileID: 0}
    - target: {fileID: 400000, guid: f26863703f9a90f47a84ea4d7255fc27, type: 3}
      propertyPath: m_LocalRotation.y
      value: -0
      objectReference: {fileID: 0}
    - target: {fileID: 400000, guid: f26863703f9a90f47a84ea4d7255fc27, type: 3}
      propertyPath: m_LocalRotation.z
      value: -0
      objectReference: {fileID: 0}
    - target: {fileID: 400000, guid: f26863703f9a90f47a84ea4d7255fc27, type: 3}
      propertyPath: m_LocalRotation.w
      value: 1
      objectReference: {fileID: 0}
    - target: {fileID: 400000, guid: f26863703f9a90f47a84ea4d7255fc27, type: 3}
      propertyPath: m_RootOrder
      value: 18
      objectReference: {fileID: 0}
    - target: {fileID: 400000, guid: f26863703f9a90f47a84ea4d7255fc27, type: 3}
      propertyPath: m_LocalEulerAnglesHint.x
      value: 0
      objectReference: {fileID: 0}
    - target: {fileID: 400000, guid: f26863703f9a90f47a84ea4d7255fc27, type: 3}
      propertyPath: m_LocalEulerAnglesHint.y
      value: 0
      objectReference: {fileID: 0}
    - target: {fileID: 400000, guid: f26863703f9a90f47a84ea4d7255fc27, type: 3}
      propertyPath: m_LocalEulerAnglesHint.z
      value: 0
      objectReference: {fileID: 0}
    - target: {fileID: 400000, guid: f26863703f9a90f47a84ea4d7255fc27, type: 3}
      propertyPath: m_LocalScale.x
      value: 0.5739895
      objectReference: {fileID: 0}
    - target: {fileID: 400000, guid: f26863703f9a90f47a84ea4d7255fc27, type: 3}
      propertyPath: m_LocalScale.y
      value: 0.5739895
      objectReference: {fileID: 0}
    - target: {fileID: 400000, guid: f26863703f9a90f47a84ea4d7255fc27, type: 3}
      propertyPath: m_LocalScale.z
      value: 0.5739895
      objectReference: {fileID: 0}
    m_RemovedComponents: []
  m_SourcePrefab: {fileID: 100100000, guid: f26863703f9a90f47a84ea4d7255fc27, type: 3}
--- !u!4 &9098539982801041400 stripped
Transform:
  m_CorrespondingSourceObject: {fileID: 400000, guid: f26863703f9a90f47a84ea4d7255fc27,
    type: 3}
  m_PrefabInstance: {fileID: 9098539982801169784}
  m_PrefabAsset: {fileID: 0}
