%YAML 1.1
%TAG !u! tag:unity3d.com,2011:
--- !u!1 &7088988489351988385
GameObject:
  m_ObjectHideFlags: 0
  m_CorrespondingSourceObject: {fileID: 0}
  m_PrefabInstance: {fileID: 0}
  m_PrefabAsset: {fileID: 0}
  serializedVersion: 6
  m_Component:
  - component: {fileID: 7088988489351988384}
  m_Layer: 0
  m_Name: Props
  m_TagString: Untagged
  m_Icon: {fileID: 0}
  m_NavMeshLayer: 0
  m_StaticEditorFlags: 0
  m_IsActive: 1
--- !u!4 &7088988489351988384
Transform:
  m_ObjectHideFlags: 0
  m_CorrespondingSourceObject: {fileID: 0}
  m_PrefabInstance: {fileID: 0}
  m_PrefabAsset: {fileID: 0}
  m_GameObject: {fileID: 7088988489351988385}
  m_LocalRotation: {x: -0, y: -0, z: -0, w: 1}
  m_LocalPosition: {x: 0, y: 0, z: 0}
  m_LocalScale: {x: 1, y: 1, z: 1}
  m_Children:
  - {fileID: 5625291938193951374}
  - {fileID: 5944039683412295046}
  - {fileID: 4606264276647628056}
  - {fileID: 8750210501098557450}
  - {fileID: 7889677293324894579}
  - {fileID: 488155718443548189}
  - {fileID: 8381705883748265902}
  - {fileID: 1761875316348267582}
  - {fileID: 3107502839763812734}
  - {fileID: 5992328673967187846}
  - {fileID: 597497918645786073}
  - {fileID: 7728073617587157702}
  - {fileID: 3599889967934382347}
  - {fileID: 8140209058554712221}
  m_Father: {fileID: 7088988489366953221}
  m_RootOrder: 0
  m_LocalEulerAnglesHint: {x: 0, y: 0, z: 0}
--- !u!1 &7088988489366953222
GameObject:
  m_ObjectHideFlags: 0
  m_CorrespondingSourceObject: {fileID: 0}
  m_PrefabInstance: {fileID: 0}
  m_PrefabAsset: {fileID: 0}
  serializedVersion: 6
  m_Component:
  - component: {fileID: 7088988489366953221}
  m_Layer: 0
  m_Name: Potter05_w
  m_TagString: Untagged
  m_Icon: {fileID: 0}
  m_NavMeshLayer: 0
  m_StaticEditorFlags: 0
  m_IsActive: 1
--- !u!4 &7088988489366953221
Transform:
  m_ObjectHideFlags: 0
  m_CorrespondingSourceObject: {fileID: 0}
  m_PrefabInstance: {fileID: 0}
  m_PrefabAsset: {fileID: 0}
  m_GameObject: {fileID: 7088988489366953222}
  m_LocalRotation: {x: -0, y: -0, z: -0, w: 1}
  m_LocalPosition: {x: 0, y: 0, z: 0}
  m_LocalScale: {x: 1, y: 1, z: 1}
  m_Children:
  - {fileID: 7088988489351988384}
  - {fileID: 235755375501735423}
  m_Father: {fileID: 0}
  m_RootOrder: 0
  m_LocalEulerAnglesHint: {x: 0, y: 0, z: 0}
--- !u!1001 &235755375501776903
PrefabInstance:
  m_ObjectHideFlags: 0
  serializedVersion: 2
  m_Modification:
    m_TransformParent: {fileID: 7088988489366953221}
    m_Modifications:
    - target: {fileID: 174578, guid: e7fbe856a1d710f45a67122e012c8c81, type: 3}
      propertyPath: m_Name
      value: fe_vil_mkt_can_blue_medium01c
      objectReference: {fileID: 0}
    - target: {fileID: 486904, guid: e7fbe856a1d710f45a67122e012c8c81, type: 3}
      propertyPath: m_LocalPosition.x
      value: 0.2
      objectReference: {fileID: 0}
    - target: {fileID: 486904, guid: e7fbe856a1d710f45a67122e012c8c81, type: 3}
      propertyPath: m_LocalPosition.y
      value: 0
      objectReference: {fileID: 0}
    - target: {fileID: 486904, guid: e7fbe856a1d710f45a67122e012c8c81, type: 3}
      propertyPath: m_LocalPosition.z
      value: 0
      objectReference: {fileID: 0}
    - target: {fileID: 486904, guid: e7fbe856a1d710f45a67122e012c8c81, type: 3}
      propertyPath: m_LocalRotation.x
      value: -0
      objectReference: {fileID: 0}
    - target: {fileID: 486904, guid: e7fbe856a1d710f45a67122e012c8c81, type: 3}
      propertyPath: m_LocalRotation.y
      value: -0
      objectReference: {fileID: 0}
    - target: {fileID: 486904, guid: e7fbe856a1d710f45a67122e012c8c81, type: 3}
      propertyPath: m_LocalRotation.z
      value: -0
      objectReference: {fileID: 0}
    - target: {fileID: 486904, guid: e7fbe856a1d710f45a67122e012c8c81, type: 3}
      propertyPath: m_LocalRotation.w
      value: 1
      objectReference: {fileID: 0}
    - target: {fileID: 486904, guid: e7fbe856a1d710f45a67122e012c8c81, type: 3}
      propertyPath: m_RootOrder
      value: 1
      objectReference: {fileID: 0}
    - target: {fileID: 486904, guid: e7fbe856a1d710f45a67122e012c8c81, type: 3}
      propertyPath: m_LocalEulerAnglesHint.x
      value: 0
      objectReference: {fileID: 0}
    - target: {fileID: 486904, guid: e7fbe856a1d710f45a67122e012c8c81, type: 3}
      propertyPath: m_LocalEulerAnglesHint.y
      value: 0
      objectReference: {fileID: 0}
    - target: {fileID: 486904, guid: e7fbe856a1d710f45a67122e012c8c81, type: 3}
      propertyPath: m_LocalEulerAnglesHint.z
      value: 0
      objectReference: {fileID: 0}
    m_RemovedComponents: []
  m_SourcePrefab: {fileID: 100100000, guid: e7fbe856a1d710f45a67122e012c8c81, type: 3}
--- !u!4 &235755375501735423 stripped
Transform:
  m_CorrespondingSourceObject: {fileID: 486904, guid: e7fbe856a1d710f45a67122e012c8c81,
    type: 3}
  m_PrefabInstance: {fileID: 235755375501776903}
  m_PrefabAsset: {fileID: 0}
--- !u!1001 &488155718443148445
PrefabInstance:
  m_ObjectHideFlags: 0
  serializedVersion: 2
  m_Modification:
    m_TransformParent: {fileID: 7088988489351988384}
    m_Modifications:
    - target: {fileID: 100000, guid: e1ebe8f198fde4346a8b10f4da5816d9, type: 3}
      propertyPath: m_Name
      value: fi_vil_combs_props_urn01c
      objectReference: {fileID: 0}
    - target: {fileID: 400000, guid: e1ebe8f198fde4346a8b10f4da5816d9, type: 3}
      propertyPath: m_LocalPosition.x
      value: 0.772
      objectReference: {fileID: 0}
    - target: {fileID: 400000, guid: e1ebe8f198fde4346a8b10f4da5816d9, type: 3}
      propertyPath: m_LocalPosition.y
      value: 0
      objectReference: {fileID: 0}
    - target: {fileID: 400000, guid: e1ebe8f198fde4346a8b10f4da5816d9, type: 3}
      propertyPath: m_LocalPosition.z
      value: -1.131
      objectReference: {fileID: 0}
    - target: {fileID: 400000, guid: e1ebe8f198fde4346a8b10f4da5816d9, type: 3}
      propertyPath: m_LocalRotation.x
      value: -0
      objectReference: {fileID: 0}
    - target: {fileID: 400000, guid: e1ebe8f198fde4346a8b10f4da5816d9, type: 3}
      propertyPath: m_LocalRotation.y
      value: 0.3173789
      objectReference: {fileID: 0}
    - target: {fileID: 400000, guid: e1ebe8f198fde4346a8b10f4da5816d9, type: 3}
      propertyPath: m_LocalRotation.z
      value: -0
      objectReference: {fileID: 0}
    - target: {fileID: 400000, guid: e1ebe8f198fde4346a8b10f4da5816d9, type: 3}
      propertyPath: m_LocalRotation.w
      value: 0.9482988
      objectReference: {fileID: 0}
    - target: {fileID: 400000, guid: e1ebe8f198fde4346a8b10f4da5816d9, type: 3}
      propertyPath: m_RootOrder
      value: 5
      objectReference: {fileID: 0}
    - target: {fileID: 400000, guid: e1ebe8f198fde4346a8b10f4da5816d9, type: 3}
      propertyPath: m_LocalEulerAnglesHint.x
      value: 0
      objectReference: {fileID: 0}
    - target: {fileID: 400000, guid: e1ebe8f198fde4346a8b10f4da5816d9, type: 3}
      propertyPath: m_LocalEulerAnglesHint.y
      value: 37.009003
      objectReference: {fileID: 0}
    - target: {fileID: 400000, guid: e1ebe8f198fde4346a8b10f4da5816d9, type: 3}
      propertyPath: m_LocalEulerAnglesHint.z
      value: 0
      objectReference: {fileID: 0}
    - target: {fileID: 400000, guid: e1ebe8f198fde4346a8b10f4da5816d9, type: 3}
      propertyPath: m_LocalScale.x
      value: 0.84773
      objectReference: {fileID: 0}
    - target: {fileID: 400000, guid: e1ebe8f198fde4346a8b10f4da5816d9, type: 3}
      propertyPath: m_LocalScale.y
      value: 0.84773
      objectReference: {fileID: 0}
    - target: {fileID: 400000, guid: e1ebe8f198fde4346a8b10f4da5816d9, type: 3}
      propertyPath: m_LocalScale.z
      value: 0.84773
      objectReference: {fileID: 0}
    m_RemovedComponents: []
  m_SourcePrefab: {fileID: 100100000, guid: e1ebe8f198fde4346a8b10f4da5816d9, type: 3}
--- !u!4 &488155718443548189 stripped
Transform:
  m_CorrespondingSourceObject: {fileID: 400000, guid: e1ebe8f198fde4346a8b10f4da5816d9,
    type: 3}
  m_PrefabInstance: {fileID: 488155718443148445}
  m_PrefabAsset: {fileID: 0}
--- !u!1001 &597497918645915481
PrefabInstance:
  m_ObjectHideFlags: 0
  serializedVersion: 2
  m_Modification:
    m_TransformParent: {fileID: 7088988489351988384}
    m_Modifications:
    - target: {fileID: 100000, guid: f26863703f9a90f47a84ea4d7255fc27, type: 3}
      propertyPath: m_Name
      value: fi_vil_combs_props_urn02a
      objectReference: {fileID: 0}
    - target: {fileID: 400000, guid: f26863703f9a90f47a84ea4d7255fc27, type: 3}
      propertyPath: m_LocalPosition.x
      value: 2.369
      objectReference: {fileID: 0}
    - target: {fileID: 400000, guid: f26863703f9a90f47a84ea4d7255fc27, type: 3}
      propertyPath: m_LocalPosition.y
      value: 0
      objectReference: {fileID: 0}
    - target: {fileID: 400000, guid: f26863703f9a90f47a84ea4d7255fc27, type: 3}
      propertyPath: m_LocalPosition.z
      value: 1.278
      objectReference: {fileID: 0}
    - target: {fileID: 400000, guid: f26863703f9a90f47a84ea4d7255fc27, type: 3}
      propertyPath: m_LocalRotation.x
      value: -0
      objectReference: {fileID: 0}
    - target: {fileID: 400000, guid: f26863703f9a90f47a84ea4d7255fc27, type: 3}
      propertyPath: m_LocalRotation.y
      value: -0
      objectReference: {fileID: 0}
    - target: {fileID: 400000, guid: f26863703f9a90f47a84ea4d7255fc27, type: 3}
      propertyPath: m_LocalRotation.z
      value: -0
      objectReference: {fileID: 0}
    - target: {fileID: 400000, guid: f26863703f9a90f47a84ea4d7255fc27, type: 3}
      propertyPath: m_LocalRotation.w
      value: 1
      objectReference: {fileID: 0}
    - target: {fileID: 400000, guid: f26863703f9a90f47a84ea4d7255fc27, type: 3}
      propertyPath: m_RootOrder
      value: 10
      objectReference: {fileID: 0}
    - target: {fileID: 400000, guid: f26863703f9a90f47a84ea4d7255fc27, type: 3}
      propertyPath: m_LocalEulerAnglesHint.x
      value: 0
      objectReference: {fileID: 0}
    - target: {fileID: 400000, guid: f26863703f9a90f47a84ea4d7255fc27, type: 3}
      propertyPath: m_LocalEulerAnglesHint.y
      value: 0
      objectReference: {fileID: 0}
    - target: {fileID: 400000, guid: f26863703f9a90f47a84ea4d7255fc27, type: 3}
      propertyPath: m_LocalEulerAnglesHint.z
      value: 0
      objectReference: {fileID: 0}
    - target: {fileID: 400000, guid: f26863703f9a90f47a84ea4d7255fc27, type: 3}
      propertyPath: m_LocalScale.x
      value: 0.65572566
      objectReference: {fileID: 0}
    - target: {fileID: 400000, guid: f26863703f9a90f47a84ea4d7255fc27, type: 3}
      propertyPath: m_LocalScale.y
      value: 0.65572566
      objectReference: {fileID: 0}
    - target: {fileID: 400000, guid: f26863703f9a90f47a84ea4d7255fc27, type: 3}
      propertyPath: m_LocalScale.z
      value: 0.65572566
      objectReference: {fileID: 0}
    m_RemovedComponents: []
  m_SourcePrefab: {fileID: 100100000, guid: f26863703f9a90f47a84ea4d7255fc27, type: 3}
--- !u!4 &597497918645786073 stripped
Transform:
  m_CorrespondingSourceObject: {fileID: 400000, guid: f26863703f9a90f47a84ea4d7255fc27,
    type: 3}
  m_PrefabInstance: {fileID: 597497918645915481}
  m_PrefabAsset: {fileID: 0}
--- !u!1001 &1761875316347877054
PrefabInstance:
  m_ObjectHideFlags: 0
  serializedVersion: 2
  m_Modification:
    m_TransformParent: {fileID: 7088988489351988384}
    m_Modifications:
    - target: {fileID: 100000, guid: b84fe12257fd0d6468c176a0e30f05ad, type: 3}
      propertyPath: m_Name
      value: fi_vil_combs_props_urn04a
      objectReference: {fileID: 0}
    - target: {fileID: 400000, guid: b84fe12257fd0d6468c176a0e30f05ad, type: 3}
      propertyPath: m_LocalPosition.x
      value: 0.943
      objectReference: {fileID: 0}
    - target: {fileID: 400000, guid: b84fe12257fd0d6468c176a0e30f05ad, type: 3}
      propertyPath: m_LocalPosition.y
      value: 0
      objectReference: {fileID: 0}
    - target: {fileID: 400000, guid: b84fe12257fd0d6468c176a0e30f05ad, type: 3}
      propertyPath: m_LocalPosition.z
      value: 1.1659999
      objectReference: {fileID: 0}
    - target: {fileID: 400000, guid: b84fe12257fd0d6468c176a0e30f05ad, type: 3}
      propertyPath: m_LocalRotation.x
      value: -0
      objectReference: {fileID: 0}
    - target: {fileID: 400000, guid: b84fe12257fd0d6468c176a0e30f05ad, type: 3}
      propertyPath: m_LocalRotation.y
      value: -0
      objectReference: {fileID: 0}
    - target: {fileID: 400000, guid: b84fe12257fd0d6468c176a0e30f05ad, type: 3}
      propertyPath: m_LocalRotation.z
      value: -0
      objectReference: {fileID: 0}
    - target: {fileID: 400000, guid: b84fe12257fd0d6468c176a0e30f05ad, type: 3}
      propertyPath: m_LocalRotation.w
      value: 1
      objectReference: {fileID: 0}
    - target: {fileID: 400000, guid: b84fe12257fd0d6468c176a0e30f05ad, type: 3}
      propertyPath: m_RootOrder
      value: 7
      objectReference: {fileID: 0}
    - target: {fileID: 400000, guid: b84fe12257fd0d6468c176a0e30f05ad, type: 3}
      propertyPath: m_LocalEulerAnglesHint.x
      value: 0
      objectReference: {fileID: 0}
    - target: {fileID: 400000, guid: b84fe12257fd0d6468c176a0e30f05ad, type: 3}
      propertyPath: m_LocalEulerAnglesHint.y
      value: 0
      objectReference: {fileID: 0}
    - target: {fileID: 400000, guid: b84fe12257fd0d6468c176a0e30f05ad, type: 3}
      propertyPath: m_LocalEulerAnglesHint.z
      value: 0
      objectReference: {fileID: 0}
    - target: {fileID: 400000, guid: b84fe12257fd0d6468c176a0e30f05ad, type: 3}
      propertyPath: m_LocalScale.x
      value: 0.43165165
      objectReference: {fileID: 0}
    - target: {fileID: 400000, guid: b84fe12257fd0d6468c176a0e30f05ad, type: 3}
      propertyPath: m_LocalScale.y
      value: 0.43165165
      objectReference: {fileID: 0}
    - target: {fileID: 400000, guid: b84fe12257fd0d6468c176a0e30f05ad, type: 3}
      propertyPath: m_LocalScale.z
      value: 0.43165165
      objectReference: {fileID: 0}
    m_RemovedComponents: []
  m_SourcePrefab: {fileID: 100100000, guid: b84fe12257fd0d6468c176a0e30f05ad, type: 3}
--- !u!4 &1761875316348267582 stripped
Transform:
  m_CorrespondingSourceObject: {fileID: 400000, guid: b84fe12257fd0d6468c176a0e30f05ad,
    type: 3}
  m_PrefabInstance: {fileID: 1761875316347877054}
  m_PrefabAsset: {fileID: 0}
--- !u!1001 &3107502839763950590
PrefabInstance:
  m_ObjectHideFlags: 0
  serializedVersion: 2
  m_Modification:
    m_TransformParent: {fileID: 7088988489351988384}
    m_Modifications:
    - target: {fileID: 100000, guid: bffda3ee075ed994e898ab2a5c5aecbf, type: 3}
      propertyPath: m_Name
      value: fi_vil_combs_props_urn04c
      objectReference: {fileID: 0}
    - target: {fileID: 400000, guid: bffda3ee075ed994e898ab2a5c5aecbf, type: 3}
      propertyPath: m_LocalPosition.x
      value: 2.666
      objectReference: {fileID: 0}
    - target: {fileID: 400000, guid: bffda3ee075ed994e898ab2a5c5aecbf, type: 3}
      propertyPath: m_LocalPosition.y
      value: 0
      objectReference: {fileID: 0}
    - target: {fileID: 400000, guid: bffda3ee075ed994e898ab2a5c5aecbf, type: 3}
      propertyPath: m_LocalPosition.z
      value: 0.97999996
      objectReference: {fileID: 0}
    - target: {fileID: 400000, guid: bffda3ee075ed994e898ab2a5c5aecbf, type: 3}
      propertyPath: m_LocalRotation.x
      value: -0
      objectReference: {fileID: 0}
    - target: {fileID: 400000, guid: bffda3ee075ed994e898ab2a5c5aecbf, type: 3}
      propertyPath: m_LocalRotation.y
      value: 0.05613827
      objectReference: {fileID: 0}
    - target: {fileID: 400000, guid: bffda3ee075ed994e898ab2a5c5aecbf, type: 3}
      propertyPath: m_LocalRotation.z
      value: -0
      objectReference: {fileID: 0}
    - target: {fileID: 400000, guid: bffda3ee075ed994e898ab2a5c5aecbf, type: 3}
      propertyPath: m_LocalRotation.w
      value: 0.99842304
      objectReference: {fileID: 0}
    - target: {fileID: 400000, guid: bffda3ee075ed994e898ab2a5c5aecbf, type: 3}
      propertyPath: m_RootOrder
      value: 8
      objectReference: {fileID: 0}
    - target: {fileID: 400000, guid: bffda3ee075ed994e898ab2a5c5aecbf, type: 3}
      propertyPath: m_LocalEulerAnglesHint.x
      value: 0
      objectReference: {fileID: 0}
    - target: {fileID: 400000, guid: bffda3ee075ed994e898ab2a5c5aecbf, type: 3}
      propertyPath: m_LocalEulerAnglesHint.y
      value: 6.4360003
      objectReference: {fileID: 0}
    - target: {fileID: 400000, guid: bffda3ee075ed994e898ab2a5c5aecbf, type: 3}
      propertyPath: m_LocalEulerAnglesHint.z
      value: 0
      objectReference: {fileID: 0}
    - target: {fileID: 400000, guid: bffda3ee075ed994e898ab2a5c5aecbf, type: 3}
      propertyPath: m_LocalScale.x
      value: 0.43165165
      objectReference: {fileID: 0}
    - target: {fileID: 400000, guid: bffda3ee075ed994e898ab2a5c5aecbf, type: 3}
      propertyPath: m_LocalScale.y
      value: 0.43165165
      objectReference: {fileID: 0}
    - target: {fileID: 400000, guid: bffda3ee075ed994e898ab2a5c5aecbf, type: 3}
      propertyPath: m_LocalScale.z
      value: 0.43165165
      objectReference: {fileID: 0}
    m_RemovedComponents: []
  m_SourcePrefab: {fileID: 100100000, guid: bffda3ee075ed994e898ab2a5c5aecbf, type: 3}
--- !u!4 &3107502839763812734 stripped
Transform:
  m_CorrespondingSourceObject: {fileID: 400000, guid: bffda3ee075ed994e898ab2a5c5aecbf,
    type: 3}
  m_PrefabInstance: {fileID: 3107502839763950590}
  m_PrefabAsset: {fileID: 0}
--- !u!1001 &3599889967934782347
PrefabInstance:
  m_ObjectHideFlags: 0
  serializedVersion: 2
  m_Modification:
    m_TransformParent: {fileID: 7088988489351988384}
    m_Modifications:
    - target: {fileID: 100000, guid: 6bcdcdd1dbbf4ad4aa6bb9c08e5c4118, type: 3}
      propertyPath: m_Name
      value: fi_vil_forge_stool1
      objectReference: {fileID: 0}
    - target: {fileID: 100000, guid: 6bcdcdd1dbbf4ad4aa6bb9c08e5c4118, type: 3}
      propertyPath: m_IsActive
      value: 1
      objectReference: {fileID: 0}
    - target: {fileID: 400000, guid: 6bcdcdd1dbbf4ad4aa6bb9c08e5c4118, type: 3}
      propertyPath: m_LocalPosition.x
      value: 2.818
      objectReference: {fileID: 0}
    - target: {fileID: 400000, guid: 6bcdcdd1dbbf4ad4aa6bb9c08e5c4118, type: 3}
      propertyPath: m_LocalPosition.y
      value: 0
      objectReference: {fileID: 0}
    - target: {fileID: 400000, guid: 6bcdcdd1dbbf4ad4aa6bb9c08e5c4118, type: 3}
      propertyPath: m_LocalPosition.z
      value: -0.615
      objectReference: {fileID: 0}
    - target: {fileID: 400000, guid: 6bcdcdd1dbbf4ad4aa6bb9c08e5c4118, type: 3}
      propertyPath: m_LocalRotation.x
      value: -0
      objectReference: {fileID: 0}
    - target: {fileID: 400000, guid: 6bcdcdd1dbbf4ad4aa6bb9c08e5c4118, type: 3}
      propertyPath: m_LocalRotation.y
      value: 0.25540435
      objectReference: {fileID: 0}
    - target: {fileID: 400000, guid: 6bcdcdd1dbbf4ad4aa6bb9c08e5c4118, type: 3}
      propertyPath: m_LocalRotation.z
      value: -0
      objectReference: {fileID: 0}
    - target: {fileID: 400000, guid: 6bcdcdd1dbbf4ad4aa6bb9c08e5c4118, type: 3}
      propertyPath: m_LocalRotation.w
      value: 0.96683437
      objectReference: {fileID: 0}
    - target: {fileID: 400000, guid: 6bcdcdd1dbbf4ad4aa6bb9c08e5c4118, type: 3}
      propertyPath: m_RootOrder
      value: 12
      objectReference: {fileID: 0}
    - target: {fileID: 400000, guid: 6bcdcdd1dbbf4ad4aa6bb9c08e5c4118, type: 3}
      propertyPath: m_LocalEulerAnglesHint.x
      value: 0
      objectReference: {fileID: 0}
    - target: {fileID: 400000, guid: 6bcdcdd1dbbf4ad4aa6bb9c08e5c4118, type: 3}
      propertyPath: m_LocalEulerAnglesHint.y
      value: 29.595001
      objectReference: {fileID: 0}
    - target: {fileID: 400000, guid: 6bcdcdd1dbbf4ad4aa6bb9c08e5c4118, type: 3}
      propertyPath: m_LocalEulerAnglesHint.z
      value: 0
      objectReference: {fileID: 0}
    m_RemovedComponents: []
  m_SourcePrefab: {fileID: 100100000, guid: 6bcdcdd1dbbf4ad4aa6bb9c08e5c4118, type: 3}
--- !u!4 &3599889967934382347 stripped
Transform:
  m_CorrespondingSourceObject: {fileID: 400000, guid: 6bcdcdd1dbbf4ad4aa6bb9c08e5c4118,
    type: 3}
  m_PrefabInstance: {fileID: 3599889967934782347}
  m_PrefabAsset: {fileID: 0}
--- !u!1001 &4606264276647237528
PrefabInstance:
  m_ObjectHideFlags: 0
  serializedVersion: 2
  m_Modification:
    m_TransformParent: {fileID: 7088988489351988384}
    m_Modifications:
    - target: {fileID: 100000, guid: ce51a7826df4e0a46b39e157c54f7f8a, type: 3}
      propertyPath: m_Name
      value: fi_vil_combs_props_urn02b
      objectReference: {fileID: 0}
    - target: {fileID: 400000, guid: ce51a7826df4e0a46b39e157c54f7f8a, type: 3}
      propertyPath: m_LocalPosition.x
      value: 0.655
      objectReference: {fileID: 0}
    - target: {fileID: 400000, guid: ce51a7826df4e0a46b39e157c54f7f8a, type: 3}
      propertyPath: m_LocalPosition.y
      value: 0
      objectReference: {fileID: 0}
    - target: {fileID: 400000, guid: ce51a7826df4e0a46b39e157c54f7f8a, type: 3}
      propertyPath: m_LocalPosition.z
      value: 0.73999995
      objectReference: {fileID: 0}
    - target: {fileID: 400000, guid: ce51a7826df4e0a46b39e157c54f7f8a, type: 3}
      propertyPath: m_LocalRotation.x
      value: -0
      objectReference: {fileID: 0}
    - target: {fileID: 400000, guid: ce51a7826df4e0a46b39e157c54f7f8a, type: 3}
      propertyPath: m_LocalRotation.y
      value: 0.4456708
      objectReference: {fileID: 0}
    - target: {fileID: 400000, guid: ce51a7826df4e0a46b39e157c54f7f8a, type: 3}
      propertyPath: m_LocalRotation.z
      value: -0
      objectReference: {fileID: 0}
    - target: {fileID: 400000, guid: ce51a7826df4e0a46b39e157c54f7f8a, type: 3}
      propertyPath: m_LocalRotation.w
      value: 0.895197
      objectReference: {fileID: 0}
    - target: {fileID: 400000, guid: ce51a7826df4e0a46b39e157c54f7f8a, type: 3}
      propertyPath: m_RootOrder
      value: 2
      objectReference: {fileID: 0}
    - target: {fileID: 400000, guid: ce51a7826df4e0a46b39e157c54f7f8a, type: 3}
      propertyPath: m_LocalEulerAnglesHint.x
      value: 0
      objectReference: {fileID: 0}
    - target: {fileID: 400000, guid: ce51a7826df4e0a46b39e157c54f7f8a, type: 3}
      propertyPath: m_LocalEulerAnglesHint.y
      value: 52.933002
      objectReference: {fileID: 0}
    - target: {fileID: 400000, guid: ce51a7826df4e0a46b39e157c54f7f8a, type: 3}
      propertyPath: m_LocalEulerAnglesHint.z
      value: 0
      objectReference: {fileID: 0}
    m_RemovedComponents: []
  m_SourcePrefab: {fileID: 100100000, guid: ce51a7826df4e0a46b39e157c54f7f8a, type: 3}
--- !u!4 &4606264276647628056 stripped
Transform:
  m_CorrespondingSourceObject: {fileID: 400000, guid: ce51a7826df4e0a46b39e157c54f7f8a,
    type: 3}
  m_PrefabInstance: {fileID: 4606264276647237528}
  m_PrefabAsset: {fileID: 0}
--- !u!1001 &5625291938194083854
PrefabInstance:
  m_ObjectHideFlags: 0
  serializedVersion: 2
  m_Modification:
    m_TransformParent: {fileID: 7088988489351988384}
    m_Modifications:
    - target: {fileID: 100000, guid: bffda3ee075ed994e898ab2a5c5aecbf, type: 3}
      propertyPath: m_Name
      value: fi_vil_combs_props_urn04c
      objectReference: {fileID: 0}
    - target: {fileID: 400000, guid: bffda3ee075ed994e898ab2a5c5aecbf, type: 3}
      propertyPath: m_LocalPosition.x
      value: 1.118
      objectReference: {fileID: 0}
    - target: {fileID: 400000, guid: bffda3ee075ed994e898ab2a5c5aecbf, type: 3}
      propertyPath: m_LocalPosition.y
      value: 0
      objectReference: {fileID: 0}
    - target: {fileID: 400000, guid: bffda3ee075ed994e898ab2a5c5aecbf, type: 3}
      propertyPath: m_LocalPosition.z
      value: 0.35599995
      objectReference: {fileID: 0}
    - target: {fileID: 400000, guid: bffda3ee075ed994e898ab2a5c5aecbf, type: 3}
      propertyPath: m_LocalRotation.x
      value: -0
      objectReference: {fileID: 0}
    - target: {fileID: 400000, guid: bffda3ee075ed994e898ab2a5c5aecbf, type: 3}
      propertyPath: m_LocalRotation.y
      value: -0
      objectReference: {fileID: 0}
    - target: {fileID: 400000, guid: bffda3ee075ed994e898ab2a5c5aecbf, type: 3}
      propertyPath: m_LocalRotation.z
      value: -0
      objectReference: {fileID: 0}
    - target: {fileID: 400000, guid: bffda3ee075ed994e898ab2a5c5aecbf, type: 3}
      propertyPath: m_LocalRotation.w
      value: 1
      objectReference: {fileID: 0}
    - target: {fileID: 400000, guid: bffda3ee075ed994e898ab2a5c5aecbf, type: 3}
      propertyPath: m_RootOrder
      value: 0
      objectReference: {fileID: 0}
    - target: {fileID: 400000, guid: bffda3ee075ed994e898ab2a5c5aecbf, type: 3}
      propertyPath: m_LocalEulerAnglesHint.x
      value: 0
      objectReference: {fileID: 0}
    - target: {fileID: 400000, guid: bffda3ee075ed994e898ab2a5c5aecbf, type: 3}
      propertyPath: m_LocalEulerAnglesHint.y
      value: 0
      objectReference: {fileID: 0}
    - target: {fileID: 400000, guid: bffda3ee075ed994e898ab2a5c5aecbf, type: 3}
      propertyPath: m_LocalEulerAnglesHint.z
      value: 0
      objectReference: {fileID: 0}
    - target: {fileID: 400000, guid: bffda3ee075ed994e898ab2a5c5aecbf, type: 3}
      propertyPath: m_LocalScale.x
      value: 0.47392493
      objectReference: {fileID: 0}
    - target: {fileID: 400000, guid: bffda3ee075ed994e898ab2a5c5aecbf, type: 3}
      propertyPath: m_LocalScale.y
      value: 0.47392493
      objectReference: {fileID: 0}
    - target: {fileID: 400000, guid: bffda3ee075ed994e898ab2a5c5aecbf, type: 3}
      propertyPath: m_LocalScale.z
      value: 0.47392493
      objectReference: {fileID: 0}
    m_RemovedComponents: []
  m_SourcePrefab: {fileID: 100100000, guid: bffda3ee075ed994e898ab2a5c5aecbf, type: 3}
--- !u!4 &5625291938193951374 stripped
Transform:
  m_CorrespondingSourceObject: {fileID: 400000, guid: bffda3ee075ed994e898ab2a5c5aecbf,
    type: 3}
  m_PrefabInstance: {fileID: 5625291938194083854}
  m_PrefabAsset: {fileID: 0}
--- !u!1001 &5944039683412158214
PrefabInstance:
  m_ObjectHideFlags: 0
  serializedVersion: 2
  m_Modification:
    m_TransformParent: {fileID: 7088988489351988384}
    m_Modifications:
    - target: {fileID: 100000, guid: f0487148d8cf3f740af269b25886a6a6, type: 3}
      propertyPath: m_Name
      value: fi_vil_combs_props_urn06c
      objectReference: {fileID: 0}
    - target: {fileID: 400000, guid: f0487148d8cf3f740af269b25886a6a6, type: 3}
      propertyPath: m_LocalPosition.x
      value: 0.563
      objectReference: {fileID: 0}
    - target: {fileID: 400000, guid: f0487148d8cf3f740af269b25886a6a6, type: 3}
      propertyPath: m_LocalPosition.y
      value: 0
      objectReference: {fileID: 0}
    - target: {fileID: 400000, guid: f0487148d8cf3f740af269b25886a6a6, type: 3}
      propertyPath: m_LocalPosition.z
      value: 1.367
      objectReference: {fileID: 0}
    - target: {fileID: 400000, guid: f0487148d8cf3f740af269b25886a6a6, type: 3}
      propertyPath: m_LocalRotation.x
      value: -0
      objectReference: {fileID: 0}
    - target: {fileID: 400000, guid: f0487148d8cf3f740af269b25886a6a6, type: 3}
      propertyPath: m_LocalRotation.y
      value: 0.51418847
      objectReference: {fileID: 0}
    - target: {fileID: 400000, guid: f0487148d8cf3f740af269b25886a6a6, type: 3}
      propertyPath: m_LocalRotation.z
      value: -0
      objectReference: {fileID: 0}
    - target: {fileID: 400000, guid: f0487148d8cf3f740af269b25886a6a6, type: 3}
      propertyPath: m_LocalRotation.w
      value: 0.8576772
      objectReference: {fileID: 0}
    - target: {fileID: 400000, guid: f0487148d8cf3f740af269b25886a6a6, type: 3}
      propertyPath: m_RootOrder
      value: 1
      objectReference: {fileID: 0}
    - target: {fileID: 400000, guid: f0487148d8cf3f740af269b25886a6a6, type: 3}
      propertyPath: m_LocalEulerAnglesHint.x
      value: 0
      objectReference: {fileID: 0}
    - target: {fileID: 400000, guid: f0487148d8cf3f740af269b25886a6a6, type: 3}
      propertyPath: m_LocalEulerAnglesHint.y
      value: 61.886
      objectReference: {fileID: 0}
    - target: {fileID: 400000, guid: f0487148d8cf3f740af269b25886a6a6, type: 3}
      propertyPath: m_LocalEulerAnglesHint.z
      value: 0
      objectReference: {fileID: 0}
    - target: {fileID: 400000, guid: f0487148d8cf3f740af269b25886a6a6, type: 3}
      propertyPath: m_LocalScale.x
      value: 0.63751
      objectReference: {fileID: 0}
    - target: {fileID: 400000, guid: f0487148d8cf3f740af269b25886a6a6, type: 3}
      propertyPath: m_LocalScale.y
      value: 0.63751
      objectReference: {fileID: 0}
    - target: {fileID: 400000, guid: f0487148d8cf3f740af269b25886a6a6, type: 3}
      propertyPath: m_LocalScale.z
      value: 0.63751
      objectReference: {fileID: 0}
    m_RemovedComponents: []
  m_SourcePrefab: {fileID: 100100000, guid: f0487148d8cf3f740af269b25886a6a6, type: 3}
--- !u!4 &5944039683412295046 stripped
Transform:
  m_CorrespondingSourceObject: {fileID: 400000, guid: f0487148d8cf3f740af269b25886a6a6,
    type: 3}
  m_PrefabInstance: {fileID: 5944039683412158214}
  m_PrefabAsset: {fileID: 0}
--- !u!1001 &5992328673967324422
PrefabInstance:
  m_ObjectHideFlags: 0
  serializedVersion: 2
  m_Modification:
    m_TransformParent: {fileID: 7088988489351988384}
    m_Modifications:
    - target: {fileID: 100000, guid: f0487148d8cf3f740af269b25886a6a6, type: 3}
      propertyPath: m_Name
      value: fi_vil_combs_props_urn06c
      objectReference: {fileID: 0}
    - target: {fileID: 400000, guid: f0487148d8cf3f740af269b25886a6a6, type: 3}
      propertyPath: m_LocalPosition.x
      value: 2.553
      objectReference: {fileID: 0}
    - target: {fileID: 400000, guid: f0487148d8cf3f740af269b25886a6a6, type: 3}
      propertyPath: m_LocalPosition.y
      value: 0
      objectReference: {fileID: 0}
    - target: {fileID: 400000, guid: f0487148d8cf3f740af269b25886a6a6, type: 3}
      propertyPath: m_LocalPosition.z
      value: -1.24
      objectReference: {fileID: 0}
    - target: {fileID: 400000, guid: f0487148d8cf3f740af269b25886a6a6, type: 3}
      propertyPath: m_LocalRotation.x
      value: -0
      objectReference: {fileID: 0}
    - target: {fileID: 400000, guid: f0487148d8cf3f740af269b25886a6a6, type: 3}
      propertyPath: m_LocalRotation.y
      value: 0.6325851
      objectReference: {fileID: 0}
    - target: {fileID: 400000, guid: f0487148d8cf3f740af269b25886a6a6, type: 3}
      propertyPath: m_LocalRotation.z
      value: -0
      objectReference: {fileID: 0}
    - target: {fileID: 400000, guid: f0487148d8cf3f740af269b25886a6a6, type: 3}
      propertyPath: m_LocalRotation.w
      value: 0.77449095
      objectReference: {fileID: 0}
    - target: {fileID: 400000, guid: f0487148d8cf3f740af269b25886a6a6, type: 3}
      propertyPath: m_RootOrder
      value: 9
      objectReference: {fileID: 0}
    - target: {fileID: 400000, guid: f0487148d8cf3f740af269b25886a6a6, type: 3}
      propertyPath: m_LocalEulerAnglesHint.x
      value: 0
      objectReference: {fileID: 0}
    - target: {fileID: 400000, guid: f0487148d8cf3f740af269b25886a6a6, type: 3}
      propertyPath: m_LocalEulerAnglesHint.y
      value: 78.482
      objectReference: {fileID: 0}
    - target: {fileID: 400000, guid: f0487148d8cf3f740af269b25886a6a6, type: 3}
      propertyPath: m_LocalEulerAnglesHint.z
      value: 0
      objectReference: {fileID: 0}
    - target: {fileID: 400000, guid: f0487148d8cf3f740af269b25886a6a6, type: 3}
      propertyPath: m_LocalScale.x
      value: 0.43165165
      objectReference: {fileID: 0}
    - target: {fileID: 400000, guid: f0487148d8cf3f740af269b25886a6a6, type: 3}
      propertyPath: m_LocalScale.y
      value: 0.43165165
      objectReference: {fileID: 0}
    - target: {fileID: 400000, guid: f0487148d8cf3f740af269b25886a6a6, type: 3}
      propertyPath: m_LocalScale.z
      value: 0.43165165
      objectReference: {fileID: 0}
    m_RemovedComponents: []
  m_SourcePrefab: {fileID: 100100000, guid: f0487148d8cf3f740af269b25886a6a6, type: 3}
--- !u!4 &5992328673967187846 stripped
Transform:
  m_CorrespondingSourceObject: {fileID: 400000, guid: f0487148d8cf3f740af269b25886a6a6,
    type: 3}
  m_PrefabInstance: {fileID: 5992328673967324422}
  m_PrefabAsset: {fileID: 0}
--- !u!1001 &7728073617587544134
PrefabInstance:
  m_ObjectHideFlags: 0
  serializedVersion: 2
  m_Modification:
    m_TransformParent: {fileID: 7088988489351988384}
    m_Modifications:
    - target: {fileID: 100000, guid: bf27de452fef9204585e86345c026523, type: 3}
      propertyPath: m_Name
      value: fi_vil_woven_carpet12
      objectReference: {fileID: 0}
    - target: {fileID: 400000, guid: bf27de452fef9204585e86345c026523, type: 3}
      propertyPath: m_LocalPosition.x
      value: 1.824
      objectReference: {fileID: 0}
    - target: {fileID: 400000, guid: bf27de452fef9204585e86345c026523, type: 3}
      propertyPath: m_LocalPosition.y
      value: 0.015
      objectReference: {fileID: 0}
    - target: {fileID: 400000, guid: bf27de452fef9204585e86345c026523, type: 3}
      propertyPath: m_LocalPosition.z
      value: -0.02000004
      objectReference: {fileID: 0}
    - target: {fileID: 400000, guid: bf27de452fef9204585e86345c026523, type: 3}
      propertyPath: m_LocalRotation.x
      value: -0
      objectReference: {fileID: 0}
    - target: {fileID: 400000, guid: bf27de452fef9204585e86345c026523, type: 3}
      propertyPath: m_LocalRotation.y
      value: -0.6398157
      objectReference: {fileID: 0}
    - target: {fileID: 400000, guid: bf27de452fef9204585e86345c026523, type: 3}
      propertyPath: m_LocalRotation.z
      value: -0
      objectReference: {fileID: 0}
    - target: {fileID: 400000, guid: bf27de452fef9204585e86345c026523, type: 3}
      propertyPath: m_LocalRotation.w
      value: 0.76852846
      objectReference: {fileID: 0}
    - target: {fileID: 400000, guid: bf27de452fef9204585e86345c026523, type: 3}
      propertyPath: m_RootOrder
      value: 11
      objectReference: {fileID: 0}
    - target: {fileID: 400000, guid: bf27de452fef9204585e86345c026523, type: 3}
      propertyPath: m_LocalEulerAnglesHint.x
      value: 0
      objectReference: {fileID: 0}
    - target: {fileID: 400000, guid: bf27de452fef9204585e86345c026523, type: 3}
      propertyPath: m_LocalEulerAnglesHint.y
      value: -79.55601
      objectReference: {fileID: 0}
    - target: {fileID: 400000, guid: bf27de452fef9204585e86345c026523, type: 3}
      propertyPath: m_LocalEulerAnglesHint.z
      value: 0
      objectReference: {fileID: 0}
    m_RemovedComponents: []
  m_SourcePrefab: {fileID: 100100000, guid: bf27de452fef9204585e86345c026523, type: 3}
--- !u!4 &7728073617587157702 stripped
Transform:
  m_CorrespondingSourceObject: {fileID: 400000, guid: bf27de452fef9204585e86345c026523,
    type: 3}
  m_PrefabInstance: {fileID: 7728073617587544134}
  m_PrefabAsset: {fileID: 0}
--- !u!1001 &7889677293325294579
PrefabInstance:
  m_ObjectHideFlags: 0
  serializedVersion: 2
  m_Modification:
    m_TransformParent: {fileID: 7088988489351988384}
    m_Modifications:
    - target: {fileID: 100000, guid: e40c5338e3fc7e94083512e151b9d68c, type: 3}
      propertyPath: m_Name
      value: fi_vil_combs_props_urn04b
      objectReference: {fileID: 0}
    - target: {fileID: 400000, guid: e40c5338e3fc7e94083512e151b9d68c, type: 3}
      propertyPath: m_LocalPosition.x
      value: 1.189
      objectReference: {fileID: 0}
    - target: {fileID: 400000, guid: e40c5338e3fc7e94083512e151b9d68c, type: 3}
      propertyPath: m_LocalPosition.y
      value: 0
      objectReference: {fileID: 0}
    - target: {fileID: 400000, guid: e40c5338e3fc7e94083512e151b9d68c, type: 3}
      propertyPath: m_LocalPosition.z
      value: -0.43700004
      objectReference: {fileID: 0}
    - target: {fileID: 400000, guid: e40c5338e3fc7e94083512e151b9d68c, type: 3}
      propertyPath: m_LocalRotation.x
      value: -0
      objectReference: {fileID: 0}
    - target: {fileID: 400000, guid: e40c5338e3fc7e94083512e151b9d68c, type: 3}
      propertyPath: m_LocalRotation.y
      value: 0.7641744
      objectReference: {fileID: 0}
    - target: {fileID: 400000, guid: e40c5338e3fc7e94083512e151b9d68c, type: 3}
      propertyPath: m_LocalRotation.z
      value: -0
      objectReference: {fileID: 0}
    - target: {fileID: 400000, guid: e40c5338e3fc7e94083512e151b9d68c, type: 3}
      propertyPath: m_LocalRotation.w
      value: 0.64500976
      objectReference: {fileID: 0}
    - target: {fileID: 400000, guid: e40c5338e3fc7e94083512e151b9d68c, type: 3}
      propertyPath: m_RootOrder
      value: 4
      objectReference: {fileID: 0}
    - target: {fileID: 400000, guid: e40c5338e3fc7e94083512e151b9d68c, type: 3}
      propertyPath: m_LocalEulerAnglesHint.x
      value: 0
      objectReference: {fileID: 0}
    - target: {fileID: 400000, guid: e40c5338e3fc7e94083512e151b9d68c, type: 3}
      propertyPath: m_LocalEulerAnglesHint.y
      value: 99.66701
      objectReference: {fileID: 0}
    - target: {fileID: 400000, guid: e40c5338e3fc7e94083512e151b9d68c, type: 3}
      propertyPath: m_LocalEulerAnglesHint.z
      value: 0
      objectReference: {fileID: 0}
    - target: {fileID: 400000, guid: e40c5338e3fc7e94083512e151b9d68c, type: 3}
      propertyPath: m_LocalScale.x
      value: 0.8477304
      objectReference: {fileID: 0}
    - target: {fileID: 400000, guid: e40c5338e3fc7e94083512e151b9d68c, type: 3}
      propertyPath: m_LocalScale.y
      value: 0.84773
      objectReference: {fileID: 0}
    - target: {fileID: 400000, guid: e40c5338e3fc7e94083512e151b9d68c, type: 3}
      propertyPath: m_LocalScale.z
      value: 0.8477304
      objectReference: {fileID: 0}
    m_RemovedComponents: []
  m_SourcePrefab: {fileID: 100100000, guid: e40c5338e3fc7e94083512e151b9d68c, type: 3}
--- !u!4 &7889677293324894579 stripped
Transform:
  m_CorrespondingSourceObject: {fileID: 400000, guid: e40c5338e3fc7e94083512e151b9d68c,
    type: 3}
  m_PrefabInstance: {fileID: 7889677293325294579}
  m_PrefabAsset: {fileID: 0}
--- !u!1001 &8140209058554841629
PrefabInstance:
  m_ObjectHideFlags: 0
  serializedVersion: 2
  m_Modification:
    m_TransformParent: {fileID: 7088988489351988384}
    m_Modifications:
    - target: {fileID: 100000, guid: 6bcdcdd1dbbf4ad4aa6bb9c08e5c4118, type: 3}
      propertyPath: m_Name
      value: fi_vil_forge_stool1
      objectReference: {fileID: 0}
    - target: {fileID: 100000, guid: 6bcdcdd1dbbf4ad4aa6bb9c08e5c4118, type: 3}
      propertyPath: m_IsActive
      value: 1
      objectReference: {fileID: 0}
    - target: {fileID: 400000, guid: 6bcdcdd1dbbf4ad4aa6bb9c08e5c4118, type: 3}
      propertyPath: m_LocalPosition.x
      value: 1.617
      objectReference: {fileID: 0}
    - target: {fileID: 400000, guid: 6bcdcdd1dbbf4ad4aa6bb9c08e5c4118, type: 3}
      propertyPath: m_LocalPosition.y
      value: 0
      objectReference: {fileID: 0}
    - target: {fileID: 400000, guid: 6bcdcdd1dbbf4ad4aa6bb9c08e5c4118, type: 3}
      propertyPath: m_LocalPosition.z
      value: 1.211
      objectReference: {fileID: 0}
    - target: {fileID: 400000, guid: 6bcdcdd1dbbf4ad4aa6bb9c08e5c4118, type: 3}
      propertyPath: m_LocalRotation.x
      value: -0
      objectReference: {fileID: 0}
    - target: {fileID: 400000, guid: 6bcdcdd1dbbf4ad4aa6bb9c08e5c4118, type: 3}
      propertyPath: m_LocalRotation.y
      value: -0.43364784
      objectReference: {fileID: 0}
    - target: {fileID: 400000, guid: 6bcdcdd1dbbf4ad4aa6bb9c08e5c4118, type: 3}
      propertyPath: m_LocalRotation.z
      value: -0
      objectReference: {fileID: 0}
    - target: {fileID: 400000, guid: 6bcdcdd1dbbf4ad4aa6bb9c08e5c4118, type: 3}
      propertyPath: m_LocalRotation.w
      value: 0.90108246
      objectReference: {fileID: 0}
    - target: {fileID: 400000, guid: 6bcdcdd1dbbf4ad4aa6bb9c08e5c4118, type: 3}
      propertyPath: m_RootOrder
      value: 13
      objectReference: {fileID: 0}
    - target: {fileID: 400000, guid: 6bcdcdd1dbbf4ad4aa6bb9c08e5c4118, type: 3}
      propertyPath: m_LocalEulerAnglesHint.x
      value: 0
      objectReference: {fileID: 0}
    - target: {fileID: 400000, guid: 6bcdcdd1dbbf4ad4aa6bb9c08e5c4118, type: 3}
      propertyPath: m_LocalEulerAnglesHint.y
      value: -51.399002
      objectReference: {fileID: 0}
    - target: {fileID: 400000, guid: 6bcdcdd1dbbf4ad4aa6bb9c08e5c4118, type: 3}
      propertyPath: m_LocalEulerAnglesHint.z
      value: 0
      objectReference: {fileID: 0}
    m_RemovedComponents: []
  m_SourcePrefab: {fileID: 100100000, guid: 6bcdcdd1dbbf4ad4aa6bb9c08e5c4118, type: 3}
--- !u!4 &8140209058554712221 stripped
Transform:
  m_CorrespondingSourceObject: {fileID: 400000, guid: 6bcdcdd1dbbf4ad4aa6bb9c08e5c4118,
    type: 3}
  m_PrefabInstance: {fileID: 8140209058554841629}
  m_PrefabAsset: {fileID: 0}
--- !u!1001 &8381705883748136238
PrefabInstance:
  m_ObjectHideFlags: 0
  serializedVersion: 2
  m_Modification:
    m_TransformParent: {fileID: 7088988489351988384}
    m_Modifications:
    - target: {fileID: 100000, guid: f26863703f9a90f47a84ea4d7255fc27, type: 3}
      propertyPath: m_Name
      value: fi_vil_combs_props_urn02a
      objectReference: {fileID: 0}
    - target: {fileID: 400000, guid: f26863703f9a90f47a84ea4d7255fc27, type: 3}
      propertyPath: m_LocalPosition.x
      value: 2.171
      objectReference: {fileID: 0}
    - target: {fileID: 400000, guid: f26863703f9a90f47a84ea4d7255fc27, type: 3}
      propertyPath: m_LocalPosition.y
      value: 0
      objectReference: {fileID: 0}
    - target: {fileID: 400000, guid: f26863703f9a90f47a84ea4d7255fc27, type: 3}
      propertyPath: m_LocalPosition.z
      value: -1.008
      objectReference: {fileID: 0}
    - target: {fileID: 400000, guid: f26863703f9a90f47a84ea4d7255fc27, type: 3}
      propertyPath: m_LocalRotation.x
      value: -0
      objectReference: {fileID: 0}
    - target: {fileID: 400000, guid: f26863703f9a90f47a84ea4d7255fc27, type: 3}
      propertyPath: m_LocalRotation.y
      value: 0.6325851
      objectReference: {fileID: 0}
    - target: {fileID: 400000, guid: f26863703f9a90f47a84ea4d7255fc27, type: 3}
      propertyPath: m_LocalRotation.z
      value: -0
      objectReference: {fileID: 0}
    - target: {fileID: 400000, guid: f26863703f9a90f47a84ea4d7255fc27, type: 3}
      propertyPath: m_LocalRotation.w
      value: 0.77449095
      objectReference: {fileID: 0}
    - target: {fileID: 400000, guid: f26863703f9a90f47a84ea4d7255fc27, type: 3}
      propertyPath: m_RootOrder
      value: 6
      objectReference: {fileID: 0}
    - target: {fileID: 400000, guid: f26863703f9a90f47a84ea4d7255fc27, type: 3}
      propertyPath: m_LocalEulerAnglesHint.x
      value: 0
      objectReference: {fileID: 0}
    - target: {fileID: 400000, guid: f26863703f9a90f47a84ea4d7255fc27, type: 3}
      propertyPath: m_LocalEulerAnglesHint.y
      value: 78.482
      objectReference: {fileID: 0}
    - target: {fileID: 400000, guid: f26863703f9a90f47a84ea4d7255fc27, type: 3}
      propertyPath: m_LocalEulerAnglesHint.z
      value: 0
      objectReference: {fileID: 0}
    - target: {fileID: 400000, guid: f26863703f9a90f47a84ea4d7255fc27, type: 3}
      propertyPath: m_LocalScale.x
      value: 0.84773
      objectReference: {fileID: 0}
    - target: {fileID: 400000, guid: f26863703f9a90f47a84ea4d7255fc27, type: 3}
      propertyPath: m_LocalScale.y
      value: 0.84773
      objectReference: {fileID: 0}
    - target: {fileID: 400000, guid: f26863703f9a90f47a84ea4d7255fc27, type: 3}
      propertyPath: m_LocalScale.z
      value: 0.84773
      objectReference: {fileID: 0}
    m_RemovedComponents: []
  m_SourcePrefab: {fileID: 100100000, guid: f26863703f9a90f47a84ea4d7255fc27, type: 3}
--- !u!4 &8381705883748265902 stripped
Transform:
  m_CorrespondingSourceObject: {fileID: 400000, guid: f26863703f9a90f47a84ea4d7255fc27,
    type: 3}
  m_PrefabInstance: {fileID: 8381705883748136238}
  m_PrefabAsset: {fileID: 0}
--- !u!1001 &8750210501098162826
PrefabInstance:
  m_ObjectHideFlags: 0
  serializedVersion: 2
  m_Modification:
    m_TransformParent: {fileID: 7088988489351988384}
    m_Modifications:
    - target: {fileID: 100000, guid: 74218b3d14bad3e438baa4b8b6845ff8, type: 3}
      propertyPath: m_Name
      value: fi_vil_combs_props_urn05a
      objectReference: {fileID: 0}
    - target: {fileID: 400000, guid: 74218b3d14bad3e438baa4b8b6845ff8, type: 3}
      propertyPath: m_LocalPosition.x
      value: 0.716
      objectReference: {fileID: 0}
    - target: {fileID: 400000, guid: 74218b3d14bad3e438baa4b8b6845ff8, type: 3}
      propertyPath: m_LocalPosition.y
      value: 0
      objectReference: {fileID: 0}
    - target: {fileID: 400000, guid: 74218b3d14bad3e438baa4b8b6845ff8, type: 3}
      propertyPath: m_LocalPosition.z
      value: 0.085999966
      objectReference: {fileID: 0}
    - target: {fileID: 400000, guid: 74218b3d14bad3e438baa4b8b6845ff8, type: 3}
      propertyPath: m_LocalRotation.x
      value: -0
      objectReference: {fileID: 0}
    - target: {fileID: 400000, guid: 74218b3d14bad3e438baa4b8b6845ff8, type: 3}
      propertyPath: m_LocalRotation.y
      value: -0
      objectReference: {fileID: 0}
    - target: {fileID: 400000, guid: 74218b3d14bad3e438baa4b8b6845ff8, type: 3}
      propertyPath: m_LocalRotation.z
      value: -0
      objectReference: {fileID: 0}
    - target: {fileID: 400000, guid: 74218b3d14bad3e438baa4b8b6845ff8, type: 3}
      propertyPath: m_LocalRotation.w
      value: 1
      objectReference: {fileID: 0}
    - target: {fileID: 400000, guid: 74218b3d14bad3e438baa4b8b6845ff8, type: 3}
      propertyPath: m_RootOrder
      value: 3
      objectReference: {fileID: 0}
    - target: {fileID: 400000, guid: 74218b3d14bad3e438baa4b8b6845ff8, type: 3}
      propertyPath: m_LocalEulerAnglesHint.x
      value: 0
      objectReference: {fileID: 0}
    - target: {fileID: 400000, guid: 74218b3d14bad3e438baa4b8b6845ff8, type: 3}
      propertyPath: m_LocalEulerAnglesHint.y
      value: 0
      objectReference: {fileID: 0}
    - target: {fileID: 400000, guid: 74218b3d14bad3e438baa4b8b6845ff8, type: 3}
      propertyPath: m_LocalEulerAnglesHint.z
      value: 0
      objectReference: {fileID: 0}
    - target: {fileID: 400000, guid: 74218b3d14bad3e438baa4b8b6845ff8, type: 3}
      propertyPath: m_LocalScale.x
      value: 0.84773
      objectReference: {fileID: 0}
    - target: {fileID: 400000, guid: 74218b3d14bad3e438baa4b8b6845ff8, type: 3}
      propertyPath: m_LocalScale.y
      value: 0.84773
      objectReference: {fileID: 0}
    - target: {fileID: 400000, guid: 74218b3d14bad3e438baa4b8b6845ff8, type: 3}
      propertyPath: m_LocalScale.z
      value: 0.84773
      objectReference: {fileID: 0}
    m_RemovedComponents: []
  m_SourcePrefab: {fileID: 100100000, guid: 74218b3d14bad3e438baa4b8b6845ff8, type: 3}
--- !u!4 &8750210501098557450 stripped
Transform:
  m_CorrespondingSourceObject: {fileID: 400000, guid: 74218b3d14bad3e438baa4b8b6845ff8,
    type: 3}
  m_PrefabInstance: {fileID: 8750210501098162826}
  m_PrefabAsset: {fileID: 0}
