%YAML 1.1
%TAG !u! tag:unity3d.com,2011:
--- !u!1 &2708710142914856552
GameObject:
  m_ObjectHideFlags: 0
  m_CorrespondingSourceObject: {fileID: 0}
  m_PrefabInstance: {fileID: 0}
  m_PrefabAsset: {fileID: 0}
  serializedVersion: 6
  m_Component:
  - component: {fileID: 2708710142915353480}
  - component: {fileID: 2708710142901258962}
  m_Layer: 0
  m_Name: Mesh-Mage
  m_TagString: Untagged
  m_Icon: {fileID: 0}
  m_NavMeshLayer: 0
  m_StaticEditorFlags: 0
  m_IsActive: 1
--- !u!4 &2708710142915353480
Transform:
  m_ObjectHideFlags: 0
  m_CorrespondingSourceObject: {fileID: 0}
  m_PrefabInstance: {fileID: 0}
  m_PrefabAsset: {fileID: 0}
  m_GameObject: {fileID: 2708710142914856552}
  m_LocalRotation: {x: -0.7071068, y: 0, z: -0, w: 0.7071068}
  m_LocalPosition: {x: -0, y: 0, z: 0}
  m_LocalScale: {x: 1, y: 1, z: 1}
  m_Children: []
  m_Father: {fileID: 2708710142915353500}
  m_RootOrder: 0
  m_LocalEulerAnglesHint: {x: 0, y: 0, z: 0}
--- !u!137 &2708710142901258962
SkinnedMeshRenderer:
  m_ObjectHideFlags: 0
  m_CorrespondingSourceObject: {fileID: 0}
  m_PrefabInstance: {fileID: 0}
  m_PrefabAsset: {fileID: 0}
  m_GameObject: {fileID: 2708710142914856552}
  m_Enabled: 1
  m_CastShadows: 1
  m_ReceiveShadows: 1
  m_DynamicOccludee: 1
  m_MotionVectors: 1
  m_LightProbeUsage: 1
  m_ReflectionProbeUsage: 1
  m_RayTracingMode: 0
  m_RenderingLayerMask: 1
  m_RendererPriority: 0
  m_Materials:
  - {fileID: 2100000, guid: 477b1ce20530f594b87bce7fe5ba012a, type: 2}
  m_StaticBatchInfo:
    firstSubMesh: 0
    subMeshCount: 0
  m_StaticBatchRoot: {fileID: 0}
  m_ProbeAnchor: {fileID: 0}
  m_LightProbeVolumeOverride: {fileID: 0}
  m_ScaleInLightmap: 1
  m_ReceiveGI: 1
  m_PreserveUVs: 0
  m_IgnoreNormalsForChartDetection: 0
  m_ImportantGI: 0
  m_StitchLightmapSeams: 1
  m_SelectedEditorRenderState: 3
  m_MinimumChartSize: 4
  m_AutoUVMaxDistance: 0.5
  m_AutoUVMaxAngle: 89
  m_LightmapParameters: {fileID: 0}
  m_SortingLayerID: 0
  m_SortingLayer: 0
  m_SortingOrder: 0
  serializedVersion: 2
  m_Quality: 0
  m_UpdateWhenOffscreen: 0
  m_SkinnedMotionVectors: 1
  m_Mesh: {fileID: 4300008, guid: 7c72ed3f90575084c9f3b5b585887182, type: 3}
  m_Bones:
  - {fileID: 2708710142915353552}
  - {fileID: 2708710142915353544}
  - {fileID: 2708710142915353510}
  - {fileID: 2708710142915353592}
  - {fileID: 2708710142915353596}
  - {fileID: 2708710142915353572}
  - {fileID: 2708710142915353560}
  - {fileID: 2708710142915353584}
  - {fileID: 2708710142915353550}
  - {fileID: 2708710142915353538}
  - {fileID: 2708710142915353514}
  - {fileID: 2708710142915353518}
  - {fileID: 2708710142915353542}
  - {fileID: 2708710142915353488}
  - {fileID: 2708710142915353566}
  - {fileID: 2708710142915353516}
  - {fileID: 2708710142915353558}
  - {fileID: 2708710142915353508}
  - {fileID: 2708710142915353598}
  - {fileID: 2708710142915353546}
  - {fileID: 2708710142915353594}
  - {fileID: 2708710142915353548}
  - {fileID: 2708710142915353564}
  - {fileID: 2708710142915353556}
  - {fileID: 2708710142915353506}
  - {fileID: 2708710142915353498}
  - {fileID: 2708710142915353504}
  - {fileID: 2708710142915353554}
  - {fileID: 2708710142915353570}
  - {fileID: 2708710142915353568}
  - {fileID: 2708710142915353576}
  - {fileID: 2708710142915353562}
  - {fileID: 2708710142915353588}
  - {fileID: 2708710142915353582}
  - {fileID: 2708710142915353586}
  - {fileID: 2708710142915353590}
  - {fileID: 2708710142915353578}
  - {fileID: 2708710142915353580}
  - {fileID: 2708710142915353574}
  - {fileID: 2708710142915353520}
  - {fileID: 2708710142915353526}
  - {fileID: 2708710142915353534}
  - {fileID: 2708710142915353512}
  - {fileID: 2708710142915353530}
  - {fileID: 2708710142915353532}
  - {fileID: 2708710142915353536}
  - {fileID: 2708710142915353540}
  - {fileID: 2708710142915353528}
  - {fileID: 2708710142915353522}
  - {fileID: 2708710142915353524}
  - {fileID: 2708710142915353496}
  - {fileID: 2708710142915353502}
  m_BlendShapeWeights: []
  m_RootBone: {fileID: 2708710142915353488}
  m_AABB:
    m_Center: {x: -0.017264277, y: 1.343145, z: 0.007457465}
    m_Extent: {x: 0.5174936, y: 1.3624526, z: 0.44341964}
  m_DirtyAABB: 0
--- !u!1 &2708710142914856560
GameObject:
  m_ObjectHideFlags: 0
  m_CorrespondingSourceObject: {fileID: 0}
  m_PrefabInstance: {fileID: 0}
  m_PrefabAsset: {fileID: 0}
  serializedVersion: 6
  m_Component:
  - component: {fileID: 2708710142915353488}
  m_Layer: 0
  m_Name: Motion
  m_TagString: Untagged
  m_Icon: {fileID: 0}
  m_NavMeshLayer: 0
  m_StaticEditorFlags: 0
  m_IsActive: 1
--- !u!4 &2708710142915353488
Transform:
  m_ObjectHideFlags: 0
  m_CorrespondingSourceObject: {fileID: 0}
  m_PrefabInstance: {fileID: 0}
  m_PrefabAsset: {fileID: 0}
  m_GameObject: {fileID: 2708710142914856560}
  m_LocalRotation: {x: 0, y: -0, z: -0, w: 1}
  m_LocalPosition: {x: 0.0017328988, y: 0.000000011991626, z: 0}
  m_LocalScale: {x: 1, y: 1, z: 1}
  m_Children:
  - {fileID: 2708710142915353544}
  m_Father: {fileID: 2708710142915353500}
  m_RootOrder: 2
  m_LocalEulerAnglesHint: {x: 0, y: 0, z: 0}
--- !u!1 &2708710142914856568
GameObject:
  m_ObjectHideFlags: 0
  m_CorrespondingSourceObject: {fileID: 0}
  m_PrefabInstance: {fileID: 0}
  m_PrefabAsset: {fileID: 0}
  serializedVersion: 6
  m_Component:
  - component: {fileID: 2708710142915353496}
  m_Layer: 0
  m_Name: B_Spine
  m_TagString: Untagged
  m_Icon: {fileID: 0}
  m_NavMeshLayer: 0
  m_StaticEditorFlags: 0
  m_IsActive: 1
--- !u!4 &2708710142915353496
Transform:
  m_ObjectHideFlags: 0
  m_CorrespondingSourceObject: {fileID: 0}
  m_PrefabInstance: {fileID: 0}
  m_PrefabAsset: {fileID: 0}
  m_GameObject: {fileID: 2708710142914856568}
  m_LocalRotation: {x: -0.0000016033553, y: -0.000000021770637, z: -0.00039744374,
    w: 0.99999994}
  m_LocalPosition: {x: -0.12868606, y: -0.00017150372, z: -0.0000000053875464}
  m_LocalScale: {x: 1, y: 1, z: 1}
  m_Children:
  - {fileID: 2708710142915353502}
  m_Father: {fileID: 2708710142915353544}
  m_RootOrder: 2
  m_LocalEulerAnglesHint: {x: 0, y: 0, z: 0}
--- !u!1 &2708710142914856570
GameObject:
  m_ObjectHideFlags: 0
  m_CorrespondingSourceObject: {fileID: 0}
  m_PrefabInstance: {fileID: 0}
  m_PrefabAsset: {fileID: 0}
  serializedVersion: 6
  m_Component:
  - component: {fileID: 2708710142915353498}
  m_Layer: 0
  m_Name: B_R_UpperArm
  m_TagString: Untagged
  m_Icon: {fileID: 0}
  m_NavMeshLayer: 0
  m_StaticEditorFlags: 0
  m_IsActive: 1
--- !u!4 &2708710142915353498
Transform:
  m_ObjectHideFlags: 0
  m_CorrespondingSourceObject: {fileID: 0}
  m_PrefabInstance: {fileID: 0}
  m_PrefabAsset: {fileID: 0}
  m_GameObject: {fileID: 2708710142914856570}
  m_LocalRotation: {x: -0.03706406, y: 0.6700438, z: -0.03352903, w: 0.7406371}
  m_LocalPosition: {x: -0.2791774, y: 0.0000001230836, z: -0.00000015258789}
  m_LocalScale: {x: 0.9999998, y: 1.0000001, z: 0.9999997}
  m_Children:
  - {fileID: 2708710142915353506}
  m_Father: {fileID: 2708710142915353548}
  m_RootOrder: 0
  m_LocalEulerAnglesHint: {x: 0, y: 0, z: 0}
--- !u!1 &2708710142914856572
GameObject:
  m_ObjectHideFlags: 0
  m_CorrespondingSourceObject: {fileID: 0}
  m_PrefabInstance: {fileID: 0}
  m_PrefabAsset: {fileID: 0}
  serializedVersion: 6
  m_Component:
  - component: {fileID: 2708710142915353500}
  - component: {fileID: 2708710142905512986}
  m_Layer: 0
  m_Name: Mage
  m_TagString: Player
  m_Icon: {fileID: 0}
  m_NavMeshLayer: 0
  m_StaticEditorFlags: 0
  m_IsActive: 1
--- !u!4 &2708710142915353500
Transform:
  m_ObjectHideFlags: 0
  m_CorrespondingSourceObject: {fileID: 0}
  m_PrefabInstance: {fileID: 0}
  m_PrefabAsset: {fileID: 0}
  m_GameObject: {fileID: 2708710142914856572}
  m_LocalRotation: {x: 0, y: 0, z: 0, w: 1}
  m_LocalPosition: {x: 0, y: 0, z: 0}
  m_LocalScale: {x: 1, y: 1, z: 1}
  m_Children:
  - {fileID: 2708710142915353480}
  - {fileID: 3218691342905658591}
  - {fileID: 2708710142915353488}
  m_Father: {fileID: 0}
  m_RootOrder: 0
  m_LocalEulerAnglesHint: {x: 0, y: 0, z: 0}
--- !u!95 &2708710142905512986
Animator:
  serializedVersion: 3
  m_ObjectHideFlags: 0
  m_CorrespondingSourceObject: {fileID: 0}
  m_PrefabInstance: {fileID: 0}
  m_PrefabAsset: {fileID: 0}
  m_GameObject: {fileID: 2708710142914856572}
  m_Enabled: 1
  m_Avatar: {fileID: 9000000, guid: 7c72ed3f90575084c9f3b5b585887182, type: 3}
  m_Controller: {fileID: 9100000, guid: 13d558b8df09b4a40b91b345663815e4, type: 2}
  m_CullingMode: 0
  m_UpdateMode: 0
  m_ApplyRootMotion: 0
  m_LinearVelocityBlending: 0
  m_WarningMessage: 
  m_HasTransformHierarchy: 1
  m_AllowConstantClipSamplingOptimization: 1
  m_KeepAnimatorControllerStateOnDisable: 0
--- !u!1 &2708710142914856574
GameObject:
  m_ObjectHideFlags: 0
  m_CorrespondingSourceObject: {fileID: 0}
  m_PrefabInstance: {fileID: 0}
  m_PrefabAsset: {fileID: 0}
  serializedVersion: 6
  m_Component:
  - component: {fileID: 2708710142915353502}
  m_Layer: 0
  m_Name: B_Spine1
  m_TagString: Untagged
  m_Icon: {fileID: 0}
  m_NavMeshLayer: 0
  m_StaticEditorFlags: 0
  m_IsActive: 1
--- !u!4 &2708710142915353502
Transform:
  m_ObjectHideFlags: 0
  m_CorrespondingSourceObject: {fileID: 0}
  m_PrefabInstance: {fileID: 0}
  m_PrefabAsset: {fileID: 0}
  m_GameObject: {fileID: 2708710142914856574}
  m_LocalRotation: {x: -5.641104e-15, y: 0, z: -0, w: 1}
  m_LocalPosition: {x: -0.2152304, y: -0.00023167043, z: -4.216225e-10}
  m_LocalScale: {x: 1, y: 1, z: 1}
  m_Children:
  - {fileID: 2708710142915353598}
  - {fileID: 2708710142915353546}
  - {fileID: 2708710142915353548}
  m_Father: {fileID: 2708710142915353496}
  m_RootOrder: 0
  m_LocalEulerAnglesHint: {x: 0, y: 0, z: 0}
--- !u!1 &2708710142914856832
GameObject:
  m_ObjectHideFlags: 0
  m_CorrespondingSourceObject: {fileID: 0}
  m_PrefabInstance: {fileID: 0}
  m_PrefabAsset: {fileID: 0}
  serializedVersion: 6
  m_Component:
  - component: {fileID: 2708710142915353504}
  m_Layer: 0
  m_Name: B_R_Hand
  m_TagString: Untagged
  m_Icon: {fileID: 0}
  m_NavMeshLayer: 0
  m_StaticEditorFlags: 0
  m_IsActive: 1
--- !u!4 &2708710142915353504
Transform:
  m_ObjectHideFlags: 0
  m_CorrespondingSourceObject: {fileID: 0}
  m_PrefabInstance: {fileID: 0}
  m_PrefabAsset: {fileID: 0}
  m_GameObject: {fileID: 2708710142914856832}
  m_LocalRotation: {x: 0.7068251, y: 0.00000008163955, z: 0.00000005008188, w: 0.70738834}
  m_LocalPosition: {x: -0.25447485, y: -0.000000057220458, z: -0.00000022888183}
  m_LocalScale: {x: 1.0000004, y: 0.99999994, z: 1.0000002}
  m_Children:
  - {fileID: 2708710142915353538}
  - {fileID: 2708710142915353540}
  - {fileID: 2708710142915353534}
  - {fileID: 2708710142915353520}
  - {fileID: 2708710142915353514}
  m_Father: {fileID: 2708710142915353506}
  m_RootOrder: 0
  m_LocalEulerAnglesHint: {x: 0, y: 0, z: 0}
--- !u!1 &2708710142914856834
GameObject:
  m_ObjectHideFlags: 0
  m_CorrespondingSourceObject: {fileID: 0}
  m_PrefabInstance: {fileID: 0}
  m_PrefabAsset: {fileID: 0}
  serializedVersion: 6
  m_Component:
  - component: {fileID: 2708710142915353506}
  m_Layer: 0
  m_Name: B_R_Forearm
  m_TagString: Untagged
  m_Icon: {fileID: 0}
  m_NavMeshLayer: 0
  m_StaticEditorFlags: 0
  m_IsActive: 1
--- !u!4 &2708710142915353506
Transform:
  m_ObjectHideFlags: 0
  m_CorrespondingSourceObject: {fileID: 0}
  m_PrefabInstance: {fileID: 0}
  m_PrefabAsset: {fileID: 0}
  m_GameObject: {fileID: 2708710142914856834}
  m_LocalRotation: {x: 0.00000009358748, y: 0.000000028110009, z: 0.09983303, w: 0.99500424}
  m_LocalPosition: {x: -0.37960723, y: 0.000000038146972, z: 0.00000019073485}
  m_LocalScale: {x: 0.9999998, y: 0.99999994, z: 1.0000002}
  m_Children:
  - {fileID: 2708710142915353504}
  m_Father: {fileID: 2708710142915353498}
  m_RootOrder: 0
  m_LocalEulerAnglesHint: {x: 0, y: 0, z: 0}
--- !u!1 &2708710142914856836
GameObject:
  m_ObjectHideFlags: 0
  m_CorrespondingSourceObject: {fileID: 0}
  m_PrefabInstance: {fileID: 0}
  m_PrefabAsset: {fileID: 0}
  serializedVersion: 6
  m_Component:
  - component: {fileID: 2708710142915353508}
  m_Layer: 0
  m_Name: B_R_Toe0
  m_TagString: Untagged
  m_Icon: {fileID: 0}
  m_NavMeshLayer: 0
  m_StaticEditorFlags: 0
  m_IsActive: 1
--- !u!4 &2708710142915353508
Transform:
  m_ObjectHideFlags: 0
  m_CorrespondingSourceObject: {fileID: 0}
  m_PrefabInstance: {fileID: 0}
  m_PrefabAsset: {fileID: 0}
  m_GameObject: {fileID: 2708710142914856836}
  m_LocalRotation: {x: 0.000000017086556, y: -0.000000058143495, z: -0.7071068, w: 0.7071068}
  m_LocalPosition: {x: -0.17088115, y: 0.25053588, z: -0.000000009536743}
  m_LocalScale: {x: 1, y: 1, z: 1}
  m_Children: []
  m_Father: {fileID: 2708710142915353516}
  m_RootOrder: 0
  m_LocalEulerAnglesHint: {x: 0, y: 0, z: 0}
--- !u!1 &2708710142914856838
GameObject:
  m_ObjectHideFlags: 0
  m_CorrespondingSourceObject: {fileID: 0}
  m_PrefabInstance: {fileID: 0}
  m_PrefabAsset: {fileID: 0}
  serializedVersion: 6
  m_Component:
  - component: {fileID: 2708710142915353510}
  m_Layer: 0
  m_Name: B_R_Thigh
  m_TagString: Untagged
  m_Icon: {fileID: 0}
  m_NavMeshLayer: 0
  m_StaticEditorFlags: 0
  m_IsActive: 1
--- !u!4 &2708710142915353510
Transform:
  m_ObjectHideFlags: 0
  m_CorrespondingSourceObject: {fileID: 0}
  m_PrefabInstance: {fileID: 0}
  m_PrefabAsset: {fileID: 0}
  m_GameObject: {fileID: 2708710142914856838}
  m_LocalRotation: {x: -0.049979754, y: 0.99875027, z: 0.0000017288914, w: -0.000000086517694}
  m_LocalPosition: {x: -0, y: -0.00000015109777, z: -0.15105617}
  m_LocalScale: {x: 0.9999999, y: 1, z: 1}
  m_Children:
  - {fileID: 2708710142915353550}
  m_Father: {fileID: 2708710142915353544}
  m_RootOrder: 1
  m_LocalEulerAnglesHint: {x: 0, y: 0, z: 0}
--- !u!1 &2708710142914856840
GameObject:
  m_ObjectHideFlags: 0
  m_CorrespondingSourceObject: {fileID: 0}
  m_PrefabInstance: {fileID: 0}
  m_PrefabAsset: {fileID: 0}
  serializedVersion: 6
  m_Component:
  - component: {fileID: 2708710142915353512}
  m_Layer: 0
  m_Name: B_R_Finger41
  m_TagString: Untagged
  m_Icon: {fileID: 0}
  m_NavMeshLayer: 0
  m_StaticEditorFlags: 0
  m_IsActive: 1
--- !u!4 &2708710142915353512
Transform:
  m_ObjectHideFlags: 0
  m_CorrespondingSourceObject: {fileID: 0}
  m_PrefabInstance: {fileID: 0}
  m_PrefabAsset: {fileID: 0}
  m_GameObject: {fileID: 2708710142914856840}
  m_LocalRotation: {x: -0.00000003720304, y: -0.00000008940951, z: -0.11640201, w: 0.9932022}
  m_LocalPosition: {x: -0.061422653, y: 0.000000114440915, z: 0.00000031948088}
  m_LocalScale: {x: 1.0000004, y: 1, z: 1.0000002}
  m_Children:
  - {fileID: 2708710142915353518}
  m_Father: {fileID: 2708710142915353514}
  m_RootOrder: 0
  m_LocalEulerAnglesHint: {x: 0, y: 0, z: 0}
--- !u!1 &2708710142914856842
GameObject:
  m_ObjectHideFlags: 0
  m_CorrespondingSourceObject: {fileID: 0}
  m_PrefabInstance: {fileID: 0}
  m_PrefabAsset: {fileID: 0}
  serializedVersion: 6
  m_Component:
  - component: {fileID: 2708710142915353514}
  m_Layer: 0
  m_Name: B_R_Finger4
  m_TagString: Untagged
  m_Icon: {fileID: 0}
  m_NavMeshLayer: 0
  m_StaticEditorFlags: 0
  m_IsActive: 1
--- !u!4 &2708710142915353514
Transform:
  m_ObjectHideFlags: 0
  m_CorrespondingSourceObject: {fileID: 0}
  m_PrefabInstance: {fileID: 0}
  m_PrefabAsset: {fileID: 0}
  m_GameObject: {fileID: 2708710142914856842}
  m_LocalRotation: {x: 0.00039836214, y: -0.000000048407983, z: 0.00000005217334,
    w: 0.99999994}
  m_LocalPosition: {x: -0.17157677, y: -0.03489704, z: -0.061354097}
  m_LocalScale: {x: 1.0000002, y: 1.0000011, z: 1.0000011}
  m_Children:
  - {fileID: 2708710142915353512}
  m_Father: {fileID: 2708710142915353504}
  m_RootOrder: 4
  m_LocalEulerAnglesHint: {x: 0, y: 0, z: 0}
--- !u!1 &2708710142914856844
GameObject:
  m_ObjectHideFlags: 0
  m_CorrespondingSourceObject: {fileID: 0}
  m_PrefabInstance: {fileID: 0}
  m_PrefabAsset: {fileID: 0}
  serializedVersion: 6
  m_Component:
  - component: {fileID: 2708710142915353516}
  m_Layer: 0
  m_Name: B_R_Foot
  m_TagString: Untagged
  m_Icon: {fileID: 0}
  m_NavMeshLayer: 0
  m_StaticEditorFlags: 0
  m_IsActive: 1
--- !u!4 &2708710142915353516
Transform:
  m_ObjectHideFlags: 0
  m_CorrespondingSourceObject: {fileID: 0}
  m_PrefabInstance: {fileID: 0}
  m_PrefabAsset: {fileID: 0}
  m_GameObject: {fileID: 2708710142914856844}
  m_LocalRotation: {x: 0.00000002681059, y: -0.00000004510774, z: -0.049979202, w: 0.99875027}
  m_LocalPosition: {x: -0.55950487, y: -0.0000000011920929, z: 0.000000028610229}
  m_LocalScale: {x: 0.9999998, y: 0.9999997, z: 1}
  m_Children:
  - {fileID: 2708710142915353508}
  m_Father: {fileID: 2708710142915353550}
  m_RootOrder: 0
  m_LocalEulerAnglesHint: {x: 0, y: 0, z: 0}
--- !u!1 &2708710142914856846
GameObject:
  m_ObjectHideFlags: 0
  m_CorrespondingSourceObject: {fileID: 0}
  m_PrefabInstance: {fileID: 0}
  m_PrefabAsset: {fileID: 0}
  serializedVersion: 6
  m_Component:
  - component: {fileID: 2708710142915353518}
  m_Layer: 0
  m_Name: B_R_Finger42
  m_TagString: Untagged
  m_Icon: {fileID: 0}
  m_NavMeshLayer: 0
  m_StaticEditorFlags: 0
  m_IsActive: 1
--- !u!4 &2708710142915353518
Transform:
  m_ObjectHideFlags: 0
  m_CorrespondingSourceObject: {fileID: 0}
  m_PrefabInstance: {fileID: 0}
  m_PrefabAsset: {fileID: 0}
  m_GameObject: {fileID: 2708710142914856846}
  m_LocalRotation: {x: 0.00000001069447, y: -0.000000068767555, z: -0.11640201, w: 0.9932022}
  m_LocalPosition: {x: -0.061423566, y: 0.0000001335144, z: -0.000000095367426}
  m_LocalScale: {x: 0.99999994, y: 1, z: 0.9999999}
  m_Children: []
  m_Father: {fileID: 2708710142915353512}
  m_RootOrder: 0
  m_LocalEulerAnglesHint: {x: 0, y: 0, z: 0}
--- !u!1 &2708710142914856848
GameObject:
  m_ObjectHideFlags: 0
  m_CorrespondingSourceObject: {fileID: 0}
  m_PrefabInstance: {fileID: 0}
  m_PrefabAsset: {fileID: 0}
  serializedVersion: 6
  m_Component:
  - component: {fileID: 2708710142915353520}
  m_Layer: 0
  m_Name: B_R_Finger3
  m_TagString: Untagged
  m_Icon: {fileID: 0}
  m_NavMeshLayer: 0
  m_StaticEditorFlags: 0
  m_IsActive: 1
--- !u!4 &2708710142915353520
Transform:
  m_ObjectHideFlags: 0
  m_CorrespondingSourceObject: {fileID: 0}
  m_PrefabInstance: {fileID: 0}
  m_PrefabAsset: {fileID: 0}
  m_GameObject: {fileID: 2708710142914856848}
  m_LocalRotation: {x: 0.00039812914, y: 0.000000014904128, z: 0.0000000074446485,
    w: 0.99999994}
  m_LocalPosition: {x: -0.17157677, y: -0.034928665, z: -0.020928307}
  m_LocalScale: {x: 0.9999999, y: 1.0000002, z: 1.0000002}
  m_Children:
  - {fileID: 2708710142915353526}
  m_Father: {fileID: 2708710142915353504}
  m_RootOrder: 3
  m_LocalEulerAnglesHint: {x: 0, y: 0, z: 0}
--- !u!1 &2708710142914856850
GameObject:
  m_ObjectHideFlags: 0
  m_CorrespondingSourceObject: {fileID: 0}
  m_PrefabInstance: {fileID: 0}
  m_PrefabAsset: {fileID: 0}
  serializedVersion: 6
  m_Component:
  - component: {fileID: 2708710142915353522}
  m_Layer: 0
  m_Name: B_R_Finger22
  m_TagString: Untagged
  m_Icon: {fileID: 0}
  m_NavMeshLayer: 0
  m_StaticEditorFlags: 0
  m_IsActive: 1
--- !u!4 &2708710142915353522
Transform:
  m_ObjectHideFlags: 0
  m_CorrespondingSourceObject: {fileID: 0}
  m_PrefabInstance: {fileID: 0}
  m_PrefabAsset: {fileID: 0}
  m_GameObject: {fileID: 2708710142914856850}
  m_LocalRotation: {x: -0.000000024917053, y: -0.00000000458133, z: -0.11640198, w: 0.9932022}
  m_LocalPosition: {x: -0.08599243, y: -0.000000019073486, z: 0.0000002670288}
  m_LocalScale: {x: 0.99999994, y: 0.99999964, z: 0.9999999}
  m_Children: []
  m_Father: {fileID: 2708710142915353532}
  m_RootOrder: 0
  m_LocalEulerAnglesHint: {x: 0, y: 0, z: 0}
--- !u!1 &2708710142914856852
GameObject:
  m_ObjectHideFlags: 0
  m_CorrespondingSourceObject: {fileID: 0}
  m_PrefabInstance: {fileID: 0}
  m_PrefabAsset: {fileID: 0}
  serializedVersion: 6
  m_Component:
  - component: {fileID: 2708710142915353524}
  m_Layer: 0
  m_Name: B_R_Finger32
  m_TagString: Untagged
  m_Icon: {fileID: 0}
  m_NavMeshLayer: 0
  m_StaticEditorFlags: 0
  m_IsActive: 1
--- !u!4 &2708710142915353524
Transform:
  m_ObjectHideFlags: 0
  m_CorrespondingSourceObject: {fileID: 0}
  m_PrefabInstance: {fileID: 0}
  m_PrefabAsset: {fileID: 0}
  m_GameObject: {fileID: 2708710142914856852}
  m_LocalRotation: {x: 0.0000002643167, y: -9.712732e-10, z: -0.116402, w: 0.9932022}
  m_LocalPosition: {x: -0.073707886, y: -0.00000019073485, z: -0.00000017166137}
  m_LocalScale: {x: 1.0000001, y: 1, z: 1.0000005}
  m_Children: []
  m_Father: {fileID: 2708710142915353526}
  m_RootOrder: 0
  m_LocalEulerAnglesHint: {x: 0, y: 0, z: 0}
--- !u!1 &2708710142914856854
GameObject:
  m_ObjectHideFlags: 0
  m_CorrespondingSourceObject: {fileID: 0}
  m_PrefabInstance: {fileID: 0}
  m_PrefabAsset: {fileID: 0}
  serializedVersion: 6
  m_Component:
  - component: {fileID: 2708710142915353526}
  m_Layer: 0
  m_Name: B_R_Finger31
  m_TagString: Untagged
  m_Icon: {fileID: 0}
  m_NavMeshLayer: 0
  m_StaticEditorFlags: 0
  m_IsActive: 1
--- !u!4 &2708710142915353526
Transform:
  m_ObjectHideFlags: 0
  m_CorrespondingSourceObject: {fileID: 0}
  m_PrefabInstance: {fileID: 0}
  m_PrefabAsset: {fileID: 0}
  m_GameObject: {fileID: 2708710142914856854}
  m_LocalRotation: {x: 0.000000006851507, y: 0.00000007046197, z: -0.116402015, w: 0.9932022}
  m_LocalPosition: {x: -0.073707506, y: -0.000000076293944, z: 0}
  m_LocalScale: {x: 1.0000001, y: 1.0000001, z: 1.0000002}
  m_Children:
  - {fileID: 2708710142915353524}
  m_Father: {fileID: 2708710142915353520}
  m_RootOrder: 0
  m_LocalEulerAnglesHint: {x: 0, y: 0, z: 0}
--- !u!1 &2708710142914856856
GameObject:
  m_ObjectHideFlags: 0
  m_CorrespondingSourceObject: {fileID: 0}
  m_PrefabInstance: {fileID: 0}
  m_PrefabAsset: {fileID: 0}
  serializedVersion: 6
  m_Component:
  - component: {fileID: 2708710142915353528}
  m_Layer: 0
  m_Name: B_R_Finger12
  m_TagString: Untagged
  m_Icon: {fileID: 0}
  m_NavMeshLayer: 0
  m_StaticEditorFlags: 0
  m_IsActive: 1
--- !u!4 &2708710142915353528
Transform:
  m_ObjectHideFlags: 0
  m_CorrespondingSourceObject: {fileID: 0}
  m_PrefabInstance: {fileID: 0}
  m_PrefabAsset: {fileID: 0}
  m_GameObject: {fileID: 2708710142914856856}
  m_LocalRotation: {x: 0.000000021273472, y: -0.00000012251844, z: -0.11640208, w: 0.9932022}
  m_LocalPosition: {x: -0.07370773, y: -0.000000057220458, z: -0.000000114440915}
  m_LocalScale: {x: 1, y: 1.0000001, z: 0.99999976}
  m_Children: []
  m_Father: {fileID: 2708710142915353530}
  m_RootOrder: 0
  m_LocalEulerAnglesHint: {x: 0, y: 0, z: 0}
--- !u!1 &2708710142914856858
GameObject:
  m_ObjectHideFlags: 0
  m_CorrespondingSourceObject: {fileID: 0}
  m_PrefabInstance: {fileID: 0}
  m_PrefabAsset: {fileID: 0}
  serializedVersion: 6
  m_Component:
  - component: {fileID: 2708710142915353530}
  m_Layer: 0
  m_Name: B_R_Finger11
  m_TagString: Untagged
  m_Icon: {fileID: 0}
  m_NavMeshLayer: 0
  m_StaticEditorFlags: 0
  m_IsActive: 1
--- !u!4 &2708710142915353530
Transform:
  m_ObjectHideFlags: 0
  m_CorrespondingSourceObject: {fileID: 0}
  m_PrefabInstance: {fileID: 0}
  m_PrefabAsset: {fileID: 0}
  m_GameObject: {fileID: 2708710142914856858}
  m_LocalRotation: {x: 4.3494583e-10, y: 0.00000012372499, z: -0.116401955, w: 0.9932022}
  m_LocalPosition: {x: -0.07370773, y: 0, z: 0.000000076293944}
  m_LocalScale: {x: 1.0000002, y: 0.9999998, z: 1}
  m_Children:
  - {fileID: 2708710142915353528}
  m_Father: {fileID: 2708710142915353540}
  m_RootOrder: 0
  m_LocalEulerAnglesHint: {x: 0, y: 0, z: 0}
--- !u!1 &2708710142914856860
GameObject:
  m_ObjectHideFlags: 0
  m_CorrespondingSourceObject: {fileID: 0}
  m_PrefabInstance: {fileID: 0}
  m_PrefabAsset: {fileID: 0}
  serializedVersion: 6
  m_Component:
  - component: {fileID: 2708710142915353532}
  m_Layer: 0
  m_Name: B_R_Finger21
  m_TagString: Untagged
  m_Icon: {fileID: 0}
  m_NavMeshLayer: 0
  m_StaticEditorFlags: 0
  m_IsActive: 1
--- !u!4 &2708710142915353532
Transform:
  m_ObjectHideFlags: 0
  m_CorrespondingSourceObject: {fileID: 0}
  m_PrefabInstance: {fileID: 0}
  m_PrefabAsset: {fileID: 0}
  m_GameObject: {fileID: 2708710142914856860}
  m_LocalRotation: {x: -0.00000001491465, y: 0.00000007676373, z: -0.116402075, w: 0.9932022}
  m_LocalPosition: {x: -0.08599235, y: -0.000000114440915, z: -0.00000030517577}
  m_LocalScale: {x: 1, y: 1.0000004, z: 1.0000002}
  m_Children:
  - {fileID: 2708710142915353522}
  m_Father: {fileID: 2708710142915353534}
  m_RootOrder: 0
  m_LocalEulerAnglesHint: {x: 0, y: 0, z: 0}
--- !u!1 &2708710142914856862
GameObject:
  m_ObjectHideFlags: 0
  m_CorrespondingSourceObject: {fileID: 0}
  m_PrefabInstance: {fileID: 0}
  m_PrefabAsset: {fileID: 0}
  serializedVersion: 6
  m_Component:
  - component: {fileID: 2708710142915353534}
  m_Layer: 0
  m_Name: B_R_Finger2
  m_TagString: Untagged
  m_Icon: {fileID: 0}
  m_NavMeshLayer: 0
  m_StaticEditorFlags: 0
  m_IsActive: 1
--- !u!4 &2708710142915353534
Transform:
  m_ObjectHideFlags: 0
  m_CorrespondingSourceObject: {fileID: 0}
  m_PrefabInstance: {fileID: 0}
  m_PrefabAsset: {fileID: 0}
  m_GameObject: {fileID: 2708710142914856862}
  m_LocalRotation: {x: 0.0003981362, y: -0.00000005960909, z: -0.00000001115214, w: 0.99999994}
  m_LocalPosition: {x: -0.1715766, y: -0.034960784, z: 0.019497499}
  m_LocalScale: {x: 1, y: 1.0000001, z: 0.99999994}
  m_Children:
  - {fileID: 2708710142915353532}
  m_Father: {fileID: 2708710142915353504}
  m_RootOrder: 2
  m_LocalEulerAnglesHint: {x: 0, y: 0, z: 0}
--- !u!1 &2708710142914856864
GameObject:
  m_ObjectHideFlags: 0
  m_CorrespondingSourceObject: {fileID: 0}
  m_PrefabInstance: {fileID: 0}
  m_PrefabAsset: {fileID: 0}
  serializedVersion: 6
  m_Component:
  - component: {fileID: 2708710142915353536}
  m_Layer: 0
  m_Name: B_R_Finger01
  m_TagString: Untagged
  m_Icon: {fileID: 0}
  m_NavMeshLayer: 0
  m_StaticEditorFlags: 0
  m_IsActive: 1
--- !u!4 &2708710142915353536
Transform:
  m_ObjectHideFlags: 0
  m_CorrespondingSourceObject: {fileID: 0}
  m_PrefabInstance: {fileID: 0}
  m_PrefabAsset: {fileID: 0}
  m_GameObject: {fileID: 2708710142914856864}
  m_LocalRotation: {x: -0.000000014566278, y: 0.0000002117513, z: -0.11640206, w: 0.9932022}
  m_LocalPosition: {x: -0.06142326, y: -0.000000114440915, z: 0.000000076293944}
  m_LocalScale: {x: 0.9999999, y: 1.0000001, z: 1.0000001}
  m_Children:
  - {fileID: 2708710142915353542}
  m_Father: {fileID: 2708710142915353538}
  m_RootOrder: 0
  m_LocalEulerAnglesHint: {x: 0, y: 0, z: 0}
--- !u!1 &2708710142914856866
GameObject:
  m_ObjectHideFlags: 0
  m_CorrespondingSourceObject: {fileID: 0}
  m_PrefabInstance: {fileID: 0}
  m_PrefabAsset: {fileID: 0}
  serializedVersion: 6
  m_Component:
  - component: {fileID: 2708710142915353538}
  m_Layer: 0
  m_Name: B_R_Finger0
  m_TagString: Untagged
  m_Icon: {fileID: 0}
  m_NavMeshLayer: 0
  m_StaticEditorFlags: 0
  m_IsActive: 1
--- !u!4 &2708710142915353538
Transform:
  m_ObjectHideFlags: 0
  m_CorrespondingSourceObject: {fileID: 0}
  m_PrefabInstance: {fileID: 0}
  m_PrefabAsset: {fileID: 0}
  m_GameObject: {fileID: 2708710142914856866}
  m_LocalRotation: {x: -0.44854176, y: 0.13317707, z: -0.06779058, w: 0.8811802}
  m_LocalPosition: {x: -0.129822, y: 0.00109169, z: 0.09989943}
  m_LocalScale: {x: 1.0000002, y: 0.9999996, z: 0.9999996}
  m_Children:
  - {fileID: 2708710142915353536}
  m_Father: {fileID: 2708710142915353504}
  m_RootOrder: 0
  m_LocalEulerAnglesHint: {x: 0, y: 0, z: 0}
--- !u!1 &2708710142914856868
GameObject:
  m_ObjectHideFlags: 0
  m_CorrespondingSourceObject: {fileID: 0}
  m_PrefabInstance: {fileID: 0}
  m_PrefabAsset: {fileID: 0}
  serializedVersion: 6
  m_Component:
  - component: {fileID: 2708710142915353540}
  m_Layer: 0
  m_Name: B_R_Finger1
  m_TagString: Untagged
  m_Icon: {fileID: 0}
  m_NavMeshLayer: 0
  m_StaticEditorFlags: 0
  m_IsActive: 1
--- !u!4 &2708710142915353540
Transform:
  m_ObjectHideFlags: 0
  m_CorrespondingSourceObject: {fileID: 0}
  m_PrefabInstance: {fileID: 0}
  m_PrefabAsset: {fileID: 0}
  m_GameObject: {fileID: 2708710142914856868}
  m_LocalRotation: {x: 0.00039813799, y: -0.00000006707155, z: -0.0000000409515, w: 0.99999994}
  m_LocalPosition: {x: -0.17157646, y: -0.034993093, z: 0.059923045}
  m_LocalScale: {x: 0.99999976, y: 1.0000002, z: 1.0000001}
  m_Children:
  - {fileID: 2708710142915353530}
  m_Father: {fileID: 2708710142915353504}
  m_RootOrder: 1
  m_LocalEulerAnglesHint: {x: 0, y: 0, z: 0}
--- !u!1 &2708710142914856870
GameObject:
  m_ObjectHideFlags: 0
  m_CorrespondingSourceObject: {fileID: 0}
  m_PrefabInstance: {fileID: 0}
  m_PrefabAsset: {fileID: 0}
  serializedVersion: 6
  m_Component:
  - component: {fileID: 2708710142915353542}
  m_Layer: 0
  m_Name: B_R_Finger02
  m_TagString: Untagged
  m_Icon: {fileID: 0}
  m_NavMeshLayer: 0
  m_StaticEditorFlags: 0
  m_IsActive: 1
--- !u!4 &2708710142915353542
Transform:
  m_ObjectHideFlags: 0
  m_CorrespondingSourceObject: {fileID: 0}
  m_PrefabInstance: {fileID: 0}
  m_PrefabAsset: {fileID: 0}
  m_GameObject: {fileID: 2708710142914856870}
  m_LocalRotation: {x: 0.000000033356088, y: -0.00000013143602, z: -0.116402015, w: 0.9932022}
  m_LocalPosition: {x: -0.061423108, y: 0.000000057220458, z: 0.0000002670288}
  m_LocalScale: {x: 1.0000004, y: 1.0000004, z: 1.0000001}
  m_Children: []
  m_Father: {fileID: 2708710142915353536}
  m_RootOrder: 0
  m_LocalEulerAnglesHint: {x: 0, y: 0, z: 0}
--- !u!1 &2708710142914856872
GameObject:
  m_ObjectHideFlags: 0
  m_CorrespondingSourceObject: {fileID: 0}
  m_PrefabInstance: {fileID: 0}
  m_PrefabAsset: {fileID: 0}
  serializedVersion: 6
  m_Component:
  - component: {fileID: 2708710142915353544}
  m_Layer: 0
  m_Name: B_Pelvis
  m_TagString: Untagged
  m_Icon: {fileID: 0}
  m_NavMeshLayer: 0
  m_StaticEditorFlags: 0
  m_IsActive: 1
--- !u!4 &2708710142915353544
Transform:
  m_ObjectHideFlags: 0
  m_CorrespondingSourceObject: {fileID: 0}
  m_PrefabInstance: {fileID: 0}
  m_PrefabAsset: {fileID: 0}
  m_GameObject: {fileID: 2708710142914856872}
  m_LocalRotation: {x: 0.5000011, y: -0.50000036, z: -0.49999964, w: 0.49999896}
  m_LocalPosition: {x: -0.0017328988, y: 1.3066297, z: 0.0033080527}
  m_LocalScale: {x: 1, y: 1, z: 1}
  m_Children:
  - {fileID: 2708710142915353552}
  - {fileID: 2708710142915353510}
  - {fileID: 2708710142915353496}
  m_Father: {fileID: 2708710142915353488}
  m_RootOrder: 0
  m_LocalEulerAnglesHint: {x: 0, y: 0, z: 0}
--- !u!1 &2708710142914856874
GameObject:
  m_ObjectHideFlags: 0
  m_CorrespondingSourceObject: {fileID: 0}
  m_PrefabInstance: {fileID: 0}
  m_PrefabAsset: {fileID: 0}
  serializedVersion: 6
  m_Component:
  - component: {fileID: 2708710142915353546}
  m_Layer: 0
  m_Name: B_Neck
  m_TagString: Untagged
  m_Icon: {fileID: 0}
  m_NavMeshLayer: 0
  m_StaticEditorFlags: 0
  m_IsActive: 1
--- !u!4 &2708710142915353546
Transform:
  m_ObjectHideFlags: 0
  m_CorrespondingSourceObject: {fileID: 0}
  m_PrefabInstance: {fileID: 0}
  m_PrefabAsset: {fileID: 0}
  m_GameObject: {fileID: 2708710142914856874}
  m_LocalRotation: {x: -0.0000004768159, y: -3.910935e-14, z: -0.00000008213101, w: 1}
  m_LocalPosition: {x: -0.29094252, y: -0.00010208949, z: -1.857954e-10}
  m_LocalScale: {x: 1, y: 1, z: 1}
  m_Children:
  - {fileID: 2708710142915353594}
  m_Father: {fileID: 2708710142915353502}
  m_RootOrder: 1
  m_LocalEulerAnglesHint: {x: 0, y: 0, z: 0}
--- !u!1 &2708710142914856876
GameObject:
  m_ObjectHideFlags: 0
  m_CorrespondingSourceObject: {fileID: 0}
  m_PrefabInstance: {fileID: 0}
  m_PrefabAsset: {fileID: 0}
  serializedVersion: 6
  m_Component:
  - component: {fileID: 2708710142915353548}
  m_Layer: 0
  m_Name: B_R_Clavicle
  m_TagString: Untagged
  m_Icon: {fileID: 0}
  m_NavMeshLayer: 0
  m_StaticEditorFlags: 0
  m_IsActive: 1
--- !u!4 &2708710142915353548
Transform:
  m_ObjectHideFlags: 0
  m_CorrespondingSourceObject: {fileID: 0}
  m_PrefabInstance: {fileID: 0}
  m_PrefabAsset: {fileID: 0}
  m_GameObject: {fileID: 2708710142914856876}
  m_LocalRotation: {x: 0.70710677, y: 0.00028143518, z: 0.70710677, w: -0.00028143518}
  m_LocalPosition: {x: -0.29094252, y: 0.00000010505318, z: -0.057713855}
  m_LocalScale: {x: 1, y: 1, z: 1}
  m_Children:
  - {fileID: 2708710142915353498}
  m_Father: {fileID: 2708710142915353502}
  m_RootOrder: 2
  m_LocalEulerAnglesHint: {x: 0, y: 0, z: 0}
--- !u!1 &2708710142914856878
GameObject:
  m_ObjectHideFlags: 0
  m_CorrespondingSourceObject: {fileID: 0}
  m_PrefabInstance: {fileID: 0}
  m_PrefabAsset: {fileID: 0}
  serializedVersion: 6
  m_Component:
  - component: {fileID: 2708710142915353550}
  m_Layer: 0
  m_Name: B_R_Calf
  m_TagString: Untagged
  m_Icon: {fileID: 0}
  m_NavMeshLayer: 0
  m_StaticEditorFlags: 0
  m_IsActive: 1
--- !u!4 &2708710142915353550
Transform:
  m_ObjectHideFlags: 0
  m_CorrespondingSourceObject: {fileID: 0}
  m_PrefabInstance: {fileID: 0}
  m_PrefabAsset: {fileID: 0}
  m_GameObject: {fileID: 2708710142914856878}
  m_LocalRotation: {x: 0.000002377339, y: -0.00000018754649, z: 0.09983331, w: 0.9950042}
  m_LocalPosition: {x: -0.55950487, y: 0.000000009536743, z: 0.000000019073486}
  m_LocalScale: {x: 1.0000002, y: 1.0000002, z: 1}
  m_Children:
  - {fileID: 2708710142915353516}
  m_Father: {fileID: 2708710142915353510}
  m_RootOrder: 0
  m_LocalEulerAnglesHint: {x: 0, y: 0, z: 0}
--- !u!1 &2708710142914856880
GameObject:
  m_ObjectHideFlags: 0
  m_CorrespondingSourceObject: {fileID: 0}
  m_PrefabInstance: {fileID: 0}
  m_PrefabAsset: {fileID: 0}
  serializedVersion: 6
  m_Component:
  - component: {fileID: 2708710142915353552}
  m_Layer: 0
  m_Name: B_L_Thigh
  m_TagString: Untagged
  m_Icon: {fileID: 0}
  m_NavMeshLayer: 0
  m_StaticEditorFlags: 0
  m_IsActive: 1
--- !u!4 &2708710142915353552
Transform:
  m_ObjectHideFlags: 0
  m_CorrespondingSourceObject: {fileID: 0}
  m_PrefabInstance: {fileID: 0}
  m_PrefabAsset: {fileID: 0}
  m_GameObject: {fileID: 2708710142914856880}
  m_LocalRotation: {x: -0.049979754, y: 0.99875027, z: -0.000004262388, w: 0.000000079974974}
  m_LocalPosition: {x: -0, y: 0.00000026673078, z: 0.15105617}
  m_LocalScale: {x: 0.9999999, y: 1, z: 1}
  m_Children:
  - {fileID: 2708710142915353592}
  m_Father: {fileID: 2708710142915353544}
  m_RootOrder: 0
  m_LocalEulerAnglesHint: {x: 0, y: 0, z: 0}
--- !u!1 &2708710142914856882
GameObject:
  m_ObjectHideFlags: 0
  m_CorrespondingSourceObject: {fileID: 0}
  m_PrefabInstance: {fileID: 0}
  m_PrefabAsset: {fileID: 0}
  serializedVersion: 6
  m_Component:
  - component: {fileID: 2708710142915353554}
  m_Layer: 0
  m_Name: B_L_Hand
  m_TagString: Untagged
  m_Icon: {fileID: 0}
  m_NavMeshLayer: 0
  m_StaticEditorFlags: 0
  m_IsActive: 1
--- !u!4 &2708710142915353554
Transform:
  m_ObjectHideFlags: 0
  m_CorrespondingSourceObject: {fileID: 0}
  m_PrefabInstance: {fileID: 0}
  m_PrefabAsset: {fileID: 0}
  m_GameObject: {fileID: 2708710142914856882}
  m_LocalRotation: {x: -0.7068252, y: 0.000000042146844, z: -1.6780455e-11, w: 0.7073883}
  m_LocalPosition: {x: -0.2544747, y: -0.000000076293944, z: -0.00000015258789}
  m_LocalScale: {x: 1, y: 0.9999998, z: 1.0000005}
  m_Children:
  - {fileID: 2708710142915353596}
  - {fileID: 2708710142915353590}
  - {fileID: 2708710142915353576}
  - {fileID: 2708710142915353570}
  - {fileID: 2708710142915353572}
  m_Father: {fileID: 2708710142915353564}
  m_RootOrder: 0
  m_LocalEulerAnglesHint: {x: 0, y: 0, z: 0}
--- !u!1 &2708710142914856884
GameObject:
  m_ObjectHideFlags: 0
  m_CorrespondingSourceObject: {fileID: 0}
  m_PrefabInstance: {fileID: 0}
  m_PrefabAsset: {fileID: 0}
  serializedVersion: 6
  m_Component:
  - component: {fileID: 2708710142915353556}
  m_Layer: 0
  m_Name: B_L_UpperArm
  m_TagString: Untagged
  m_Icon: {fileID: 0}
  m_NavMeshLayer: 0
  m_StaticEditorFlags: 0
  m_IsActive: 1
--- !u!4 &2708710142915353556
Transform:
  m_ObjectHideFlags: 0
  m_CorrespondingSourceObject: {fileID: 0}
  m_PrefabInstance: {fileID: 0}
  m_PrefabAsset: {fileID: 0}
  m_GameObject: {fileID: 2708710142914856884}
  m_LocalRotation: {x: 0.015479597, y: -0.6567456, z: -0.008273751, w: 0.753908}
  m_LocalPosition: {x: -0.27917758, y: 0.000000017881392, z: 0}
  m_LocalScale: {x: 0.9999999, y: 0.9999999, z: 1.0000002}
  m_Children:
  - {fileID: 2708710142915353564}
  m_Father: {fileID: 2708710142915353598}
  m_RootOrder: 0
  m_LocalEulerAnglesHint: {x: 0, y: 0, z: 0}
--- !u!1 &2708710142914856886
GameObject:
  m_ObjectHideFlags: 0
  m_CorrespondingSourceObject: {fileID: 0}
  m_PrefabInstance: {fileID: 0}
  m_PrefabAsset: {fileID: 0}
  serializedVersion: 6
  m_Component:
  - component: {fileID: 2708710142915353558}
  m_Layer: 0
  m_Name: B_L_Toe0
  m_TagString: Untagged
  m_Icon: {fileID: 0}
  m_NavMeshLayer: 0
  m_StaticEditorFlags: 0
  m_IsActive: 1
--- !u!4 &2708710142915353558
Transform:
  m_ObjectHideFlags: 0
  m_CorrespondingSourceObject: {fileID: 0}
  m_PrefabInstance: {fileID: 0}
  m_PrefabAsset: {fileID: 0}
  m_GameObject: {fileID: 2708710142914856886}
  m_LocalRotation: {x: -0.000000019986096, y: 0.000000019986098, z: -0.7071068, w: 0.7071068}
  m_LocalPosition: {x: -0.1708812, y: 0.25053582, z: 0}
  m_LocalScale: {x: 1, y: 1, z: 1}
  m_Children: []
  m_Father: {fileID: 2708710142915353566}
  m_RootOrder: 0
  m_LocalEulerAnglesHint: {x: 0, y: 0, z: 0}
--- !u!1 &2708710142914856888
GameObject:
  m_ObjectHideFlags: 0
  m_CorrespondingSourceObject: {fileID: 0}
  m_PrefabInstance: {fileID: 0}
  m_PrefabAsset: {fileID: 0}
  serializedVersion: 6
  m_Component:
  - component: {fileID: 2708710142915353560}
  m_Layer: 0
  m_Name: B_L_Finger42
  m_TagString: Untagged
  m_Icon: {fileID: 0}
  m_NavMeshLayer: 0
  m_StaticEditorFlags: 0
  m_IsActive: 1
--- !u!4 &2708710142915353560
Transform:
  m_ObjectHideFlags: 0
  m_CorrespondingSourceObject: {fileID: 0}
  m_PrefabInstance: {fileID: 0}
  m_PrefabAsset: {fileID: 0}
  m_GameObject: {fileID: 2708710142914856888}
  m_LocalRotation: {x: -0.00000001265733, y: 0.00000032405123, z: -0.11640177, w: 0.9932022}
  m_LocalPosition: {x: -0.061422955, y: -0.00000015258789, z: -0.00000020980835}
  m_LocalScale: {x: 0.9999997, y: 0.9999999, z: 0.99999976}
  m_Children: []
  m_Father: {fileID: 2708710142915353562}
  m_RootOrder: 0
  m_LocalEulerAnglesHint: {x: 0, y: 0, z: 0}
--- !u!1 &2708710142914856890
GameObject:
  m_ObjectHideFlags: 0
  m_CorrespondingSourceObject: {fileID: 0}
  m_PrefabInstance: {fileID: 0}
  m_PrefabAsset: {fileID: 0}
  serializedVersion: 6
  m_Component:
  - component: {fileID: 2708710142915353562}
  m_Layer: 0
  m_Name: B_L_Finger41
  m_TagString: Untagged
  m_Icon: {fileID: 0}
  m_NavMeshLayer: 0
  m_StaticEditorFlags: 0
  m_IsActive: 1
--- !u!4 &2708710142915353562
Transform:
  m_ObjectHideFlags: 0
  m_CorrespondingSourceObject: {fileID: 0}
  m_PrefabInstance: {fileID: 0}
  m_PrefabAsset: {fileID: 0}
  m_GameObject: {fileID: 2708710142914856890}
  m_LocalRotation: {x: 0.00000013696057, y: 0.00000033652245, z: -0.11640229, w: 0.99320215}
  m_LocalPosition: {x: -0.06142326, y: 0.00000022888183, z: 0.000000114440915}
  m_LocalScale: {x: 0.9999998, y: 1, z: 0.99999964}
  m_Children:
  - {fileID: 2708710142915353560}
  m_Father: {fileID: 2708710142915353572}
  m_RootOrder: 0
  m_LocalEulerAnglesHint: {x: 0, y: 0, z: 0}
--- !u!1 &2708710142914856892
GameObject:
  m_ObjectHideFlags: 0
  m_CorrespondingSourceObject: {fileID: 0}
  m_PrefabInstance: {fileID: 0}
  m_PrefabAsset: {fileID: 0}
  serializedVersion: 6
  m_Component:
  - component: {fileID: 2708710142915353564}
  m_Layer: 0
  m_Name: B_L_Forearm
  m_TagString: Untagged
  m_Icon: {fileID: 0}
  m_NavMeshLayer: 0
  m_StaticEditorFlags: 0
  m_IsActive: 1
--- !u!4 &2708710142915353564
Transform:
  m_ObjectHideFlags: 0
  m_CorrespondingSourceObject: {fileID: 0}
  m_PrefabInstance: {fileID: 0}
  m_PrefabAsset: {fileID: 0}
  m_GameObject: {fileID: 2708710142914856892}
  m_LocalRotation: {x: 0.000000040395363, y: 0.00000002651702, z: 0.09983332, w: 0.9950042}
  m_LocalPosition: {x: -0.37960738, y: -0.000000038146972, z: 0.0000002670288}
  m_LocalScale: {x: 1, y: 1, z: 0.9999997}
  m_Children:
  - {fileID: 2708710142915353554}
  m_Father: {fileID: 2708710142915353556}
  m_RootOrder: 0
  m_LocalEulerAnglesHint: {x: 0, y: 0, z: 0}
--- !u!1 &2708710142914856894
GameObject:
  m_ObjectHideFlags: 0
  m_CorrespondingSourceObject: {fileID: 0}
  m_PrefabInstance: {fileID: 0}
  m_PrefabAsset: {fileID: 0}
  serializedVersion: 6
  m_Component:
  - component: {fileID: 2708710142915353566}
  m_Layer: 0
  m_Name: B_L_Foot
  m_TagString: Untagged
  m_Icon: {fileID: 0}
  m_NavMeshLayer: 0
  m_StaticEditorFlags: 0
  m_IsActive: 1
--- !u!4 &2708710142915353566
Transform:
  m_ObjectHideFlags: 0
  m_CorrespondingSourceObject: {fileID: 0}
  m_PrefabInstance: {fileID: 0}
  m_PrefabAsset: {fileID: 0}
  m_GameObject: {fileID: 2708710142914856894}
  m_LocalRotation: {x: 0.00000047264385, y: -0.000000048054105, z: -0.049979202, w: 0.99875027}
  m_LocalPosition: {x: -0.5595047, y: -0.000000009536743, z: -0.000000028610229}
  m_LocalScale: {x: 0.9999998, y: 0.9999997, z: 1}
  m_Children:
  - {fileID: 2708710142915353558}
  m_Father: {fileID: 2708710142915353592}
  m_RootOrder: 0
  m_LocalEulerAnglesHint: {x: 0, y: 0, z: 0}
--- !u!1 &2708710142914856896
GameObject:
  m_ObjectHideFlags: 0
  m_CorrespondingSourceObject: {fileID: 0}
  m_PrefabInstance: {fileID: 0}
  m_PrefabAsset: {fileID: 0}
  serializedVersion: 6
  m_Component:
  - component: {fileID: 2708710142915353568}
  m_Layer: 0
  m_Name: B_L_Finger31
  m_TagString: Untagged
  m_Icon: {fileID: 0}
  m_NavMeshLayer: 0
  m_StaticEditorFlags: 0
  m_IsActive: 1
--- !u!4 &2708710142915353568
Transform:
  m_ObjectHideFlags: 0
  m_CorrespondingSourceObject: {fileID: 0}
  m_PrefabInstance: {fileID: 0}
  m_PrefabAsset: {fileID: 0}
  m_GameObject: {fileID: 2708710142914856896}
  m_LocalRotation: {x: -0.000000106895605, y: -0.000000099995574, z: -0.11640201,
    w: 0.9932022}
  m_LocalPosition: {x: -0.07370796, y: 0.00000015258789, z: 0.000000019073486}
  m_LocalScale: {x: 1.0000002, y: 0.99999976, z: 1.0000002}
  m_Children:
  - {fileID: 2708710142915353574}
  m_Father: {fileID: 2708710142915353570}
  m_RootOrder: 0
  m_LocalEulerAnglesHint: {x: 0, y: 0, z: 0}
--- !u!1 &2708710142914856898
GameObject:
  m_ObjectHideFlags: 0
  m_CorrespondingSourceObject: {fileID: 0}
  m_PrefabInstance: {fileID: 0}
  m_PrefabAsset: {fileID: 0}
  serializedVersion: 6
  m_Component:
  - component: {fileID: 2708710142915353570}
  m_Layer: 0
  m_Name: B_L_Finger3
  m_TagString: Untagged
  m_Icon: {fileID: 0}
  m_NavMeshLayer: 0
  m_StaticEditorFlags: 0
  m_IsActive: 1
--- !u!4 &2708710142915353570
Transform:
  m_ObjectHideFlags: 0
  m_CorrespondingSourceObject: {fileID: 0}
  m_PrefabInstance: {fileID: 0}
  m_PrefabAsset: {fileID: 0}
  m_GameObject: {fileID: 2708710142914856898}
  m_LocalRotation: {x: -0.00039872434, y: 0.00000019371508, z: 7.7238924e-11, w: 0.99999994}
  m_LocalPosition: {x: -0.17157638, y: -0.03492878, z: 0.020928172}
  m_LocalScale: {x: 0.99999994, y: 1.0000001, z: 0.9999998}
  m_Children:
  - {fileID: 2708710142915353568}
  m_Father: {fileID: 2708710142915353554}
  m_RootOrder: 3
  m_LocalEulerAnglesHint: {x: 0, y: 0, z: 0}
--- !u!1 &2708710142914856900
GameObject:
  m_ObjectHideFlags: 0
  m_CorrespondingSourceObject: {fileID: 0}
  m_PrefabInstance: {fileID: 0}
  m_PrefabAsset: {fileID: 0}
  serializedVersion: 6
  m_Component:
  - component: {fileID: 2708710142915353572}
  m_Layer: 0
  m_Name: B_L_Finger4
  m_TagString: Untagged
  m_Icon: {fileID: 0}
  m_NavMeshLayer: 0
  m_StaticEditorFlags: 0
  m_IsActive: 1
--- !u!4 &2708710142915353572
Transform:
  m_ObjectHideFlags: 0
  m_CorrespondingSourceObject: {fileID: 0}
  m_PrefabInstance: {fileID: 0}
  m_PrefabAsset: {fileID: 0}
  m_GameObject: {fileID: 2708710142914856900}
  m_LocalRotation: {x: -0.0003995774, y: 0.0000002011686, z: -0.000000007370198, w: 0.99999994}
  m_LocalPosition: {x: -0.1715763, y: -0.03489662, z: 0.061353814}
  m_LocalScale: {x: 1.0000001, y: 1.0000001, z: 0.99999994}
  m_Children:
  - {fileID: 2708710142915353562}
  m_Father: {fileID: 2708710142915353554}
  m_RootOrder: 4
  m_LocalEulerAnglesHint: {x: 0, y: 0, z: 0}
--- !u!1 &2708710142914856902
GameObject:
  m_ObjectHideFlags: 0
  m_CorrespondingSourceObject: {fileID: 0}
  m_PrefabInstance: {fileID: 0}
  m_PrefabAsset: {fileID: 0}
  serializedVersion: 6
  m_Component:
  - component: {fileID: 2708710142915353574}
  m_Layer: 0
  m_Name: B_L_Finger32
  m_TagString: Untagged
  m_Icon: {fileID: 0}
  m_NavMeshLayer: 0
  m_StaticEditorFlags: 0
  m_IsActive: 1
--- !u!4 &2708710142915353574
Transform:
  m_ObjectHideFlags: 0
  m_CorrespondingSourceObject: {fileID: 0}
  m_PrefabInstance: {fileID: 0}
  m_PrefabAsset: {fileID: 0}
  m_GameObject: {fileID: 2708710142914856902}
  m_LocalRotation: {x: -0.00000023101444, y: 0.00000023711871, z: -0.116402, w: 0.9932022}
  m_LocalPosition: {x: -0.07370758, y: 0.00000015258789, z: 0.000000019073486}
  m_LocalScale: {x: 0.9999999, y: 0.9999996, z: 1.0000001}
  m_Children: []
  m_Father: {fileID: 2708710142915353568}
  m_RootOrder: 0
  m_LocalEulerAnglesHint: {x: 0, y: 0, z: 0}
--- !u!1 &2708710142914856904
GameObject:
  m_ObjectHideFlags: 0
  m_CorrespondingSourceObject: {fileID: 0}
  m_PrefabInstance: {fileID: 0}
  m_PrefabAsset: {fileID: 0}
  serializedVersion: 6
  m_Component:
  - component: {fileID: 2708710142915353576}
  m_Layer: 0
  m_Name: B_L_Finger2
  m_TagString: Untagged
  m_Icon: {fileID: 0}
  m_NavMeshLayer: 0
  m_StaticEditorFlags: 0
  m_IsActive: 1
--- !u!4 &2708710142915353576
Transform:
  m_ObjectHideFlags: 0
  m_CorrespondingSourceObject: {fileID: 0}
  m_PrefabInstance: {fileID: 0}
  m_PrefabAsset: {fileID: 0}
  m_GameObject: {fileID: 2708710142914856904}
  m_LocalRotation: {x: -0.00039815344, y: 0.0000002011152, z: 0.00000012673993, w: 0.99999994}
  m_LocalPosition: {x: -0.17157646, y: -0.03496109, z: -0.01949747}
  m_LocalScale: {x: 1.0000001, y: 1.0000001, z: 0.9999999}
  m_Children:
  - {fileID: 2708710142915353582}
  m_Father: {fileID: 2708710142915353554}
  m_RootOrder: 2
  m_LocalEulerAnglesHint: {x: 0, y: 0, z: 0}
--- !u!1 &2708710142914856906
GameObject:
  m_ObjectHideFlags: 0
  m_CorrespondingSourceObject: {fileID: 0}
  m_PrefabInstance: {fileID: 0}
  m_PrefabAsset: {fileID: 0}
  serializedVersion: 6
  m_Component:
  - component: {fileID: 2708710142915353578}
  m_Layer: 0
  m_Name: B_L_Finger12
  m_TagString: Untagged
  m_Icon: {fileID: 0}
  m_NavMeshLayer: 0
  m_StaticEditorFlags: 0
  m_IsActive: 1
--- !u!4 &2708710142915353578
Transform:
  m_ObjectHideFlags: 0
  m_CorrespondingSourceObject: {fileID: 0}
  m_PrefabInstance: {fileID: 0}
  m_PrefabAsset: {fileID: 0}
  m_GameObject: {fileID: 2708710142914856906}
  m_LocalRotation: {x: 0.00000018401558, y: -0.000000014064818, z: -0.11640205, w: 0.9932022}
  m_LocalPosition: {x: -0.073707804, y: -0.00000015258789, z: -0.0000002479553}
  m_LocalScale: {x: 1.0000001, y: 1.0000002, z: 1.0000001}
  m_Children: []
  m_Father: {fileID: 2708710142915353588}
  m_RootOrder: 0
  m_LocalEulerAnglesHint: {x: 0, y: 0, z: 0}
--- !u!1 &2708710142914856908
GameObject:
  m_ObjectHideFlags: 0
  m_CorrespondingSourceObject: {fileID: 0}
  m_PrefabInstance: {fileID: 0}
  m_PrefabAsset: {fileID: 0}
  serializedVersion: 6
  m_Component:
  - component: {fileID: 2708710142915353580}
  m_Layer: 0
  m_Name: B_L_Finger22
  m_TagString: Untagged
  m_Icon: {fileID: 0}
  m_NavMeshLayer: 0
  m_StaticEditorFlags: 0
  m_IsActive: 1
--- !u!4 &2708710142915353580
Transform:
  m_ObjectHideFlags: 0
  m_CorrespondingSourceObject: {fileID: 0}
  m_PrefabInstance: {fileID: 0}
  m_PrefabAsset: {fileID: 0}
  m_GameObject: {fileID: 2708710142914856908}
  m_LocalRotation: {x: -0.00000002318252, y: 0.000000010218541, z: -0.11640205, w: 0.9932022}
  m_LocalPosition: {x: -0.08599243, y: 0.000000114440915, z: -0.000000076293944}
  m_LocalScale: {x: 0.99999964, y: 1, z: 1}
  m_Children: []
  m_Father: {fileID: 2708710142915353582}
  m_RootOrder: 0
  m_LocalEulerAnglesHint: {x: 0, y: 0, z: 0}
--- !u!1 &2708710142914856910
GameObject:
  m_ObjectHideFlags: 0
  m_CorrespondingSourceObject: {fileID: 0}
  m_PrefabInstance: {fileID: 0}
  m_PrefabAsset: {fileID: 0}
  serializedVersion: 6
  m_Component:
  - component: {fileID: 2708710142915353582}
  m_Layer: 0
  m_Name: B_L_Finger21
  m_TagString: Untagged
  m_Icon: {fileID: 0}
  m_NavMeshLayer: 0
  m_StaticEditorFlags: 0
  m_IsActive: 1
--- !u!4 &2708710142915353582
Transform:
  m_ObjectHideFlags: 0
  m_CorrespondingSourceObject: {fileID: 0}
  m_PrefabInstance: {fileID: 0}
  m_PrefabAsset: {fileID: 0}
  m_GameObject: {fileID: 2708710142914856910}
  m_LocalRotation: {x: 0.00000006989194, y: -0.00000025574315, z: -0.11640214, w: 0.9932022}
  m_LocalPosition: {x: -0.08599235, y: 0.000000038146972, z: 0.000000095367426}
  m_LocalScale: {x: 1.0000005, y: 0.99999994, z: 0.99999964}
  m_Children:
  - {fileID: 2708710142915353580}
  m_Father: {fileID: 2708710142915353576}
  m_RootOrder: 0
  m_LocalEulerAnglesHint: {x: 0, y: 0, z: 0}
--- !u!1 &2708710142914856912
GameObject:
  m_ObjectHideFlags: 0
  m_CorrespondingSourceObject: {fileID: 0}
  m_PrefabInstance: {fileID: 0}
  m_PrefabAsset: {fileID: 0}
  serializedVersion: 6
  m_Component:
  - component: {fileID: 2708710142915353584}
  m_Layer: 0
  m_Name: B_L_Finger02
  m_TagString: Untagged
  m_Icon: {fileID: 0}
  m_NavMeshLayer: 0
  m_StaticEditorFlags: 0
  m_IsActive: 1
--- !u!4 &2708710142915353584
Transform:
  m_ObjectHideFlags: 0
  m_CorrespondingSourceObject: {fileID: 0}
  m_PrefabInstance: {fileID: 0}
  m_PrefabAsset: {fileID: 0}
  m_GameObject: {fileID: 2708710142914856912}
  m_LocalRotation: {x: -0.000000047868642, y: -0.00000002439615, z: -0.11640208, w: 0.9932022}
  m_LocalPosition: {x: -0.06142334, y: 0.000000038146972, z: 0.0000002479553}
  m_LocalScale: {x: 1.0000001, y: 1.0000002, z: 1}
  m_Children: []
  m_Father: {fileID: 2708710142915353586}
  m_RootOrder: 0
  m_LocalEulerAnglesHint: {x: 0, y: 0, z: 0}
--- !u!1 &2708710142914856914
GameObject:
  m_ObjectHideFlags: 0
  m_CorrespondingSourceObject: {fileID: 0}
  m_PrefabInstance: {fileID: 0}
  m_PrefabAsset: {fileID: 0}
  serializedVersion: 6
  m_Component:
  - component: {fileID: 2708710142915353586}
  m_Layer: 0
  m_Name: B_L_Finger01
  m_TagString: Untagged
  m_Icon: {fileID: 0}
  m_NavMeshLayer: 0
  m_StaticEditorFlags: 0
  m_IsActive: 1
--- !u!4 &2708710142915353586
Transform:
  m_ObjectHideFlags: 0
  m_CorrespondingSourceObject: {fileID: 0}
  m_PrefabInstance: {fileID: 0}
  m_PrefabAsset: {fileID: 0}
  m_GameObject: {fileID: 2708710142914856914}
  m_LocalRotation: {x: 0.00000000925074, y: 0.00000007393156, z: -0.116401955, w: 0.9932022}
  m_LocalPosition: {x: -0.061423033, y: -0.000000076293944, z: -0.00000019073485}
  m_LocalScale: {x: 1.0000001, y: 0.99999994, z: 0.99999976}
  m_Children:
  - {fileID: 2708710142915353584}
  m_Father: {fileID: 2708710142915353596}
  m_RootOrder: 0
  m_LocalEulerAnglesHint: {x: 0, y: 0, z: 0}
--- !u!1 &2708710142914856916
GameObject:
  m_ObjectHideFlags: 0
  m_CorrespondingSourceObject: {fileID: 0}
  m_PrefabInstance: {fileID: 0}
  m_PrefabAsset: {fileID: 0}
  serializedVersion: 6
  m_Component:
  - component: {fileID: 2708710142915353588}
  m_Layer: 0
  m_Name: B_L_Finger11
  m_TagString: Untagged
  m_Icon: {fileID: 0}
  m_NavMeshLayer: 0
  m_StaticEditorFlags: 0
  m_IsActive: 1
--- !u!4 &2708710142915353588
Transform:
  m_ObjectHideFlags: 0
  m_CorrespondingSourceObject: {fileID: 0}
  m_PrefabInstance: {fileID: 0}
  m_PrefabAsset: {fileID: 0}
  m_GameObject: {fileID: 2708710142914856916}
  m_LocalRotation: {x: 0.000000025263427, y: -0.000000040468727, z: -0.11640205, w: 0.9932022}
  m_LocalPosition: {x: -0.073707886, y: -0.000000038146972, z: 0.00000017166137}
  m_LocalScale: {x: 0.9999999, y: 0.99999976, z: 0.99999994}
  m_Children:
  - {fileID: 2708710142915353578}
  m_Father: {fileID: 2708710142915353590}
  m_RootOrder: 0
  m_LocalEulerAnglesHint: {x: 0, y: 0, z: 0}
--- !u!1 &2708710142914856918
GameObject:
  m_ObjectHideFlags: 0
  m_CorrespondingSourceObject: {fileID: 0}
  m_PrefabInstance: {fileID: 0}
  m_PrefabAsset: {fileID: 0}
  serializedVersion: 6
  m_Component:
  - component: {fileID: 2708710142915353590}
  m_Layer: 0
  m_Name: B_L_Finger1
  m_TagString: Untagged
  m_Icon: {fileID: 0}
  m_NavMeshLayer: 0
  m_StaticEditorFlags: 0
  m_IsActive: 1
--- !u!4 &2708710142915353590
Transform:
  m_ObjectHideFlags: 0
  m_CorrespondingSourceObject: {fileID: 0}
  m_PrefabInstance: {fileID: 0}
  m_PrefabAsset: {fileID: 0}
  m_GameObject: {fileID: 2708710142914856918}
  m_LocalRotation: {x: -0.00039816272, y: -0.0000000074505793, z: -2.9665432e-12,
    w: 0.99999994}
  m_LocalPosition: {x: -0.1715763, y: -0.034993134, z: -0.059923057}
  m_LocalScale: {x: 1.0000001, y: 1.0000001, z: 0.99999976}
  m_Children:
  - {fileID: 2708710142915353588}
  m_Father: {fileID: 2708710142915353554}
  m_RootOrder: 1
  m_LocalEulerAnglesHint: {x: 0, y: 0, z: 0}
--- !u!1 &2708710142914856920
GameObject:
  m_ObjectHideFlags: 0
  m_CorrespondingSourceObject: {fileID: 0}
  m_PrefabInstance: {fileID: 0}
  m_PrefabAsset: {fileID: 0}
  serializedVersion: 6
  m_Component:
  - component: {fileID: 2708710142915353592}
  m_Layer: 0
  m_Name: B_L_Calf
  m_TagString: Untagged
  m_Icon: {fileID: 0}
  m_NavMeshLayer: 0
  m_StaticEditorFlags: 0
  m_IsActive: 1
--- !u!4 &2708710142915353592
Transform:
  m_ObjectHideFlags: 0
  m_CorrespondingSourceObject: {fileID: 0}
  m_PrefabInstance: {fileID: 0}
  m_PrefabAsset: {fileID: 0}
  m_GameObject: {fileID: 2708710142914856920}
  m_LocalRotation: {x: -0.0000040043083, y: 0.00000030656216, z: 0.09983331, w: 0.9950042}
  m_LocalPosition: {x: -0.5595049, y: 0.000000009536743, z: 0.000000038146972}
  m_LocalScale: {x: 1.0000002, y: 1.0000002, z: 1}
  m_Children:
  - {fileID: 2708710142915353566}
  m_Father: {fileID: 2708710142915353552}
  m_RootOrder: 0
  m_LocalEulerAnglesHint: {x: 0, y: 0, z: 0}
--- !u!1 &2708710142914856922
GameObject:
  m_ObjectHideFlags: 0
  m_CorrespondingSourceObject: {fileID: 0}
  m_PrefabInstance: {fileID: 0}
  m_PrefabAsset: {fileID: 0}
  serializedVersion: 6
  m_Component:
  - component: {fileID: 2708710142915353594}
  m_Layer: 0
  m_Name: B_Head
  m_TagString: Untagged
  m_Icon: {fileID: 0}
  m_NavMeshLayer: 0
  m_StaticEditorFlags: 0
  m_IsActive: 1
--- !u!4 &2708710142915353594
Transform:
  m_ObjectHideFlags: 0
  m_CorrespondingSourceObject: {fileID: 0}
  m_PrefabInstance: {fileID: 0}
  m_PrefabAsset: {fileID: 0}
  m_GameObject: {fileID: 2708710142914856922}
  m_LocalRotation: {x: 0.000000029781102, y: -0.0000000010923773, z: 0.00039887495,
    w: 0.99999994}
  m_LocalPosition: {x: -0.12820907, y: -0.000000020861625, z: 2.842171e-16}
  m_LocalScale: {x: 1, y: 1, z: 1}
  m_Children: []
  m_Father: {fileID: 2708710142915353546}
  m_RootOrder: 0
  m_LocalEulerAnglesHint: {x: 0, y: 0, z: 0}
--- !u!1 &2708710142914856924
GameObject:
  m_ObjectHideFlags: 0
  m_CorrespondingSourceObject: {fileID: 0}
  m_PrefabInstance: {fileID: 0}
  m_PrefabAsset: {fileID: 0}
  serializedVersion: 6
  m_Component:
  - component: {fileID: 2708710142915353596}
  m_Layer: 0
  m_Name: B_L_Finger0
  m_TagString: Untagged
  m_Icon: {fileID: 0}
  m_NavMeshLayer: 0
  m_StaticEditorFlags: 0
  m_IsActive: 1
--- !u!4 &2708710142915353596
Transform:
  m_ObjectHideFlags: 0
  m_CorrespondingSourceObject: {fileID: 0}
  m_PrefabInstance: {fileID: 0}
  m_PrefabAsset: {fileID: 0}
  m_GameObject: {fileID: 2708710142914856924}
  m_LocalRotation: {x: 0.44854176, y: -0.13317716, z: -0.06779064, w: 0.8811802}
  m_LocalPosition: {x: -0.129822, y: 0.00109169, z: -0.09989933}
  m_LocalScale: {x: 1.0000004, y: 0.9999996, z: 0.9999999}
  m_Children:
  - {fileID: 2708710142915353586}
  m_Father: {fileID: 2708710142915353554}
  m_RootOrder: 0
  m_LocalEulerAnglesHint: {x: 0, y: 0, z: 0}
--- !u!1 &2708710142914856926
GameObject:
  m_ObjectHideFlags: 0
  m_CorrespondingSourceObject: {fileID: 0}
  m_PrefabInstance: {fileID: 0}
  m_PrefabAsset: {fileID: 0}
  serializedVersion: 6
  m_Component:
  - component: {fileID: 2708710142915353598}
  m_Layer: 0
  m_Name: B_L_Clavicle
  m_TagString: Untagged
  m_Icon: {fileID: 0}
  m_NavMeshLayer: 0
  m_StaticEditorFlags: 0
  m_IsActive: 1
--- !u!4 &2708710142915353598
Transform:
  m_ObjectHideFlags: 0
  m_CorrespondingSourceObject: {fileID: 0}
  m_PrefabInstance: {fileID: 0}
  m_PrefabAsset: {fileID: 0}
  m_GameObject: {fileID: 2708710142914856926}
  m_LocalRotation: {x: 0.70710677, y: 0.00028152936, z: -0.70710677, w: 0.00028152936}
  m_LocalPosition: {x: -0.29094252, y: -0.00000010475516, z: 0.057713848}
  m_LocalScale: {x: 1, y: 1, z: 1}
  m_Children:
  - {fileID: 2708710142915353556}
  m_Father: {fileID: 2708710142915353502}
  m_RootOrder: 0
  m_LocalEulerAnglesHint: {x: 0, y: 0, z: 0}
--- !u!1 &7334561755798583504
GameObject:
  m_ObjectHideFlags: 0
  m_CorrespondingSourceObject: {fileID: 0}
  m_PrefabInstance: {fileID: 0}
  m_PrefabAsset: {fileID: 0}
  serializedVersion: 6
  m_Component:
  - component: {fileID: 3218691342905658591}
  - component: {fileID: 7392060355889453613}
  m_Layer: 0
  m_Name: Mesh-Mage-Weapon
  m_TagString: Untagged
  m_Icon: {fileID: 0}
  m_NavMeshLayer: 0
  m_StaticEditorFlags: 0
  m_IsActive: 0
--- !u!4 &3218691342905658591
Transform:
  m_ObjectHideFlags: 0
  m_CorrespondingSourceObject: {fileID: 0}
  m_PrefabInstance: {fileID: 0}
  m_PrefabAsset: {fileID: 0}
  m_GameObject: {fileID: 7334561755798583504}
  m_LocalRotation: {x: 0.08715569, y: -0, z: -0, w: 0.9961947}
  m_LocalPosition: {x: 0.40956068, y: 1.2630124, z: -0.6981172}
  m_LocalScale: {x: 1, y: 1, z: 1}
  m_Children: []
  m_Father: {fileID: 2708710142915353500}
  m_RootOrder: 1
  m_LocalEulerAnglesHint: {x: 0, y: 0, z: 0}
--- !u!137 &7392060355889453613
SkinnedMeshRenderer:
  m_ObjectHideFlags: 0
  m_CorrespondingSourceObject: {fileID: 0}
  m_PrefabInstance: {fileID: 0}
  m_PrefabAsset: {fileID: 0}
  m_GameObject: {fileID: 7334561755798583504}
  m_Enabled: 1
  m_CastShadows: 1
  m_ReceiveShadows: 1
  m_DynamicOccludee: 1
  m_MotionVectors: 1
  m_LightProbeUsage: 1
  m_ReflectionProbeUsage: 1
  m_RayTracingMode: 0
  m_RenderingLayerMask: 1
  m_RendererPriority: 0
  m_Materials:
  - {fileID: 2100000, guid: 477b1ce20530f594b87bce7fe5ba012a, type: 2}
  m_StaticBatchInfo:
    firstSubMesh: 0
    subMeshCount: 0
  m_StaticBatchRoot: {fileID: 0}
  m_ProbeAnchor: {fileID: 0}
  m_LightProbeVolumeOverride: {fileID: 0}
  m_ScaleInLightmap: 1
  m_ReceiveGI: 1
  m_PreserveUVs: 0
  m_IgnoreNormalsForChartDetection: 0
  m_ImportantGI: 0
  m_StitchLightmapSeams: 1
  m_SelectedEditorRenderState: 3
  m_MinimumChartSize: 4
  m_AutoUVMaxDistance: 0.5
  m_AutoUVMaxAngle: 89
  m_LightmapParameters: {fileID: 0}
  m_SortingLayerID: 0
  m_SortingLayer: 0
  m_SortingOrder: 0
  serializedVersion: 2
  m_Quality: 0
  m_UpdateWhenOffscreen: 0
  m_SkinnedMotionVectors: 1
  m_Mesh: {fileID: 5455839149354128132, guid: 7c72ed3f90575084c9f3b5b585887182, type: 3}
  m_Bones:
  - {fileID: 2708710142915353504}
  m_BlendShapeWeights: []
  m_RootBone: {fileID: 2708710142915353504}
  m_AABB:
    m_Center: {x: -0.2483107, y: 0.013522435, z: 0.18534398}
    m_Extent: {x: 0.3078307, y: 0.13697942, z: 0.90115273}
  m_DirtyAABB: 0
