%YAML 1.1
%TAG !u! tag:unity3d.com,2011:
--- !u!1 &7743572095354263773
GameObject:
  m_ObjectHideFlags: 0
  m_CorrespondingSourceObject: {fileID: 0}
  m_PrefabInstance: {fileID: 0}
  m_PrefabAsset: {fileID: 0}
  serializedVersion: 6
  m_Component:
  - component: {fileID: 124615118270578621}
  m_Layer: 0
  m_Name: Lumberer03
  m_TagString: Untagged
  m_Icon: {fileID: 0}
  m_NavMeshLayer: 0
  m_StaticEditorFlags: 0
  m_IsActive: 1
--- !u!4 &124615118270578621
Transform:
  m_ObjectHideFlags: 0
  m_CorrespondingSourceObject: {fileID: 0}
  m_PrefabInstance: {fileID: 0}
  m_PrefabAsset: {fileID: 0}
  m_GameObject: {fileID: 7743572095354263773}
  m_LocalRotation: {x: -0, y: -0, z: -0, w: 1}
  m_LocalPosition: {x: 0, y: 0, z: 0}
  m_LocalScale: {x: 1, y: 1, z: 1}
  m_Children:
  - {fileID: 7277794800779001308}
  - {fileID: 8790715062883642537}
  - {fileID: 8275464002992302459}
  m_Father: {fileID: 0}
  m_RootOrder: 0
  m_LocalEulerAnglesHint: {x: 0, y: 0, z: 0}
--- !u!1 &7886332575639016210
GameObject:
  m_ObjectHideFlags: 0
  m_CorrespondingSourceObject: {fileID: 0}
  m_PrefabInstance: {fileID: 0}
  m_PrefabAsset: {fileID: 0}
  serializedVersion: 6
  m_Component:
  - component: {fileID: 8275464002992302459}
  m_Layer: 0
  m_Name: Props
  m_TagString: Untagged
  m_Icon: {fileID: 0}
  m_NavMeshLayer: 0
  m_StaticEditorFlags: 0
  m_IsActive: 1
--- !u!4 &8275464002992302459
Transform:
  m_ObjectHideFlags: 0
  m_CorrespondingSourceObject: {fileID: 0}
  m_PrefabInstance: {fileID: 0}
  m_PrefabAsset: {fileID: 0}
  m_GameObject: {fileID: 7886332575639016210}
  m_LocalRotation: {x: -0, y: -0, z: -0, w: 1}
  m_LocalPosition: {x: 0, y: 0, z: 0}
  m_LocalScale: {x: 1, y: 1, z: 1}
  m_Children:
  - {fileID: 2743411545873409356}
  - {fileID: 7309586032721778756}
  - {fileID: 7215524700966781651}
  - {fileID: 1128773087449616799}
  - {fileID: 996428126241719834}
  - {fileID: 2593330509018200325}
  - {fileID: 3677070210711934729}
  - {fileID: 2560721115046200726}
  - {fileID: 4211729452917688520}
  - {fileID: 2634416530399643306}
  - {fileID: 5712410044210004153}
  - {fileID: 4013936460270167873}
  - {fileID: 6580961901006368218}
  - {fileID: 5457672953134196488}
  - {fileID: 904733964911842708}
  - {fileID: 4920901779585431300}
  - {fileID: 7967900117258127438}
  - {fileID: 1169829235691996708}
  m_Father: {fileID: 124615118270578621}
  m_RootOrder: 2
  m_LocalEulerAnglesHint: {x: 0, y: 0, z: 0}
--- !u!1001 &904733964911709972
PrefabInstance:
  m_ObjectHideFlags: 0
  serializedVersion: 2
  m_Modification:
    m_TransformParent: {fileID: 8275464002992302459}
    m_Modifications:
    - target: {fileID: 100000, guid: 9cbe3310af4ccca4bb6f6cb2bdbe05c1, type: 3}
      propertyPath: m_Name
      value: fi_vil_forge_coolingbath_large2
      objectReference: {fileID: 0}
    - target: {fileID: 400000, guid: 9cbe3310af4ccca4bb6f6cb2bdbe05c1, type: 3}
      propertyPath: m_LocalPosition.x
      value: -1.156
      objectReference: {fileID: 0}
    - target: {fileID: 400000, guid: 9cbe3310af4ccca4bb6f6cb2bdbe05c1, type: 3}
      propertyPath: m_LocalPosition.y
      value: 0
      objectReference: {fileID: 0}
    - target: {fileID: 400000, guid: 9cbe3310af4ccca4bb6f6cb2bdbe05c1, type: 3}
      propertyPath: m_LocalPosition.z
      value: -3.194
      objectReference: {fileID: 0}
    - target: {fileID: 400000, guid: 9cbe3310af4ccca4bb6f6cb2bdbe05c1, type: 3}
      propertyPath: m_LocalRotation.x
      value: -0
      objectReference: {fileID: 0}
    - target: {fileID: 400000, guid: 9cbe3310af4ccca4bb6f6cb2bdbe05c1, type: 3}
      propertyPath: m_LocalRotation.y
      value: 0.9888518
      objectReference: {fileID: 0}
    - target: {fileID: 400000, guid: 9cbe3310af4ccca4bb6f6cb2bdbe05c1, type: 3}
      propertyPath: m_LocalRotation.z
      value: -0
      objectReference: {fileID: 0}
    - target: {fileID: 400000, guid: 9cbe3310af4ccca4bb6f6cb2bdbe05c1, type: 3}
      propertyPath: m_LocalRotation.w
      value: 0.14890356
      objectReference: {fileID: 0}
    - target: {fileID: 400000, guid: 9cbe3310af4ccca4bb6f6cb2bdbe05c1, type: 3}
      propertyPath: m_RootOrder
      value: 14
      objectReference: {fileID: 0}
    - target: {fileID: 400000, guid: 9cbe3310af4ccca4bb6f6cb2bdbe05c1, type: 3}
      propertyPath: m_LocalEulerAnglesHint.x
      value: 0
      objectReference: {fileID: 0}
    - target: {fileID: 400000, guid: 9cbe3310af4ccca4bb6f6cb2bdbe05c1, type: 3}
      propertyPath: m_LocalEulerAnglesHint.y
      value: 162.873
      objectReference: {fileID: 0}
    - target: {fileID: 400000, guid: 9cbe3310af4ccca4bb6f6cb2bdbe05c1, type: 3}
      propertyPath: m_LocalEulerAnglesHint.z
      value: 0
      objectReference: {fileID: 0}
    m_RemovedComponents: []
  m_SourcePrefab: {fileID: 100100000, guid: 9cbe3310af4ccca4bb6f6cb2bdbe05c1, type: 3}
--- !u!4 &904733964911842708 stripped
Transform:
  m_CorrespondingSourceObject: {fileID: 400000, guid: 9cbe3310af4ccca4bb6f6cb2bdbe05c1,
    type: 3}
  m_PrefabInstance: {fileID: 904733964911709972}
  m_PrefabAsset: {fileID: 0}
--- !u!1001 &996428126242118810
PrefabInstance:
  m_ObjectHideFlags: 0
  serializedVersion: 2
  m_Modification:
    m_TransformParent: {fileID: 8275464002992302459}
    m_Modifications:
    - target: {fileID: 100000, guid: 33341e331c00a4448bf2ebbdaf1cfbb1, type: 3}
      propertyPath: m_Name
      value: fi_vil_deck_plank01_A
      objectReference: {fileID: 0}
    - target: {fileID: 400000, guid: 33341e331c00a4448bf2ebbdaf1cfbb1, type: 3}
      propertyPath: m_LocalPosition.x
      value: -2.6980002
      objectReference: {fileID: 0}
    - target: {fileID: 400000, guid: 33341e331c00a4448bf2ebbdaf1cfbb1, type: 3}
      propertyPath: m_LocalPosition.y
      value: 0
      objectReference: {fileID: 0}
    - target: {fileID: 400000, guid: 33341e331c00a4448bf2ebbdaf1cfbb1, type: 3}
      propertyPath: m_LocalPosition.z
      value: -0.6859994
      objectReference: {fileID: 0}
    - target: {fileID: 400000, guid: 33341e331c00a4448bf2ebbdaf1cfbb1, type: 3}
      propertyPath: m_LocalRotation.x
      value: -0
      objectReference: {fileID: 0}
    - target: {fileID: 400000, guid: 33341e331c00a4448bf2ebbdaf1cfbb1, type: 3}
      propertyPath: m_LocalRotation.y
      value: 0.52960277
      objectReference: {fileID: 0}
    - target: {fileID: 400000, guid: 33341e331c00a4448bf2ebbdaf1cfbb1, type: 3}
      propertyPath: m_LocalRotation.z
      value: -0
      objectReference: {fileID: 0}
    - target: {fileID: 400000, guid: 33341e331c00a4448bf2ebbdaf1cfbb1, type: 3}
      propertyPath: m_LocalRotation.w
      value: 0.8482458
      objectReference: {fileID: 0}
    - target: {fileID: 400000, guid: 33341e331c00a4448bf2ebbdaf1cfbb1, type: 3}
      propertyPath: m_RootOrder
      value: 4
      objectReference: {fileID: 0}
    - target: {fileID: 400000, guid: 33341e331c00a4448bf2ebbdaf1cfbb1, type: 3}
      propertyPath: m_LocalEulerAnglesHint.x
      value: 0
      objectReference: {fileID: 0}
    - target: {fileID: 400000, guid: 33341e331c00a4448bf2ebbdaf1cfbb1, type: 3}
      propertyPath: m_LocalEulerAnglesHint.y
      value: 63.957005
      objectReference: {fileID: 0}
    - target: {fileID: 400000, guid: 33341e331c00a4448bf2ebbdaf1cfbb1, type: 3}
      propertyPath: m_LocalEulerAnglesHint.z
      value: 0
      objectReference: {fileID: 0}
    m_RemovedComponents: []
  m_SourcePrefab: {fileID: 100100000, guid: 33341e331c00a4448bf2ebbdaf1cfbb1, type: 3}
--- !u!4 &996428126241719834 stripped
Transform:
  m_CorrespondingSourceObject: {fileID: 400000, guid: 33341e331c00a4448bf2ebbdaf1cfbb1,
    type: 3}
  m_PrefabInstance: {fileID: 996428126242118810}
  m_PrefabAsset: {fileID: 0}
--- !u!1001 &1128773087449463025
PrefabInstance:
  m_ObjectHideFlags: 0
  serializedVersion: 2
  m_Modification:
    m_TransformParent: {fileID: 8275464002992302459}
    m_Modifications:
    - target: {fileID: 109184, guid: c9d97590b155fdd46996f0b1f2c56455, type: 3}
      propertyPath: m_Name
      value: fe_vil_wagons_wood_pine_axesingle_blockC
      objectReference: {fileID: 0}
    - target: {fileID: 436590, guid: c9d97590b155fdd46996f0b1f2c56455, type: 3}
      propertyPath: m_LocalPosition.x
      value: -2.179
      objectReference: {fileID: 0}
    - target: {fileID: 436590, guid: c9d97590b155fdd46996f0b1f2c56455, type: 3}
      propertyPath: m_LocalPosition.y
      value: 0
      objectReference: {fileID: 0}
    - target: {fileID: 436590, guid: c9d97590b155fdd46996f0b1f2c56455, type: 3}
      propertyPath: m_LocalPosition.z
      value: -2.287
      objectReference: {fileID: 0}
    - target: {fileID: 436590, guid: c9d97590b155fdd46996f0b1f2c56455, type: 3}
      propertyPath: m_LocalRotation.x
      value: -0
      objectReference: {fileID: 0}
    - target: {fileID: 436590, guid: c9d97590b155fdd46996f0b1f2c56455, type: 3}
      propertyPath: m_LocalRotation.y
      value: -0.9013104
      objectReference: {fileID: 0}
    - target: {fileID: 436590, guid: c9d97590b155fdd46996f0b1f2c56455, type: 3}
      propertyPath: m_LocalRotation.z
      value: -0
      objectReference: {fileID: 0}
    - target: {fileID: 436590, guid: c9d97590b155fdd46996f0b1f2c56455, type: 3}
      propertyPath: m_LocalRotation.w
      value: 0.43317398
      objectReference: {fileID: 0}
    - target: {fileID: 436590, guid: c9d97590b155fdd46996f0b1f2c56455, type: 3}
      propertyPath: m_RootOrder
      value: 3
      objectReference: {fileID: 0}
    - target: {fileID: 436590, guid: c9d97590b155fdd46996f0b1f2c56455, type: 3}
      propertyPath: m_LocalEulerAnglesHint.x
      value: 0
      objectReference: {fileID: 0}
    - target: {fileID: 436590, guid: c9d97590b155fdd46996f0b1f2c56455, type: 3}
      propertyPath: m_LocalEulerAnglesHint.y
      value: -128.662
      objectReference: {fileID: 0}
    - target: {fileID: 436590, guid: c9d97590b155fdd46996f0b1f2c56455, type: 3}
      propertyPath: m_LocalEulerAnglesHint.z
      value: 0
      objectReference: {fileID: 0}
    m_RemovedComponents: []
  m_SourcePrefab: {fileID: 100100000, guid: c9d97590b155fdd46996f0b1f2c56455, type: 3}
--- !u!4 &1128773087449616799 stripped
Transform:
  m_CorrespondingSourceObject: {fileID: 436590, guid: c9d97590b155fdd46996f0b1f2c56455,
    type: 3}
  m_PrefabInstance: {fileID: 1128773087449463025}
  m_PrefabAsset: {fileID: 0}
--- !u!1001 &1169829235692322968
PrefabInstance:
  m_ObjectHideFlags: 0
  serializedVersion: 2
  m_Modification:
    m_TransformParent: {fileID: 8275464002992302459}
    m_Modifications:
    - target: {fileID: 113884, guid: 469bf8e20e9e5dc4da3c2ed053feaa06, type: 3}
      propertyPath: m_Name
      value: fe_vil_wagons_logs_pine_work01E
      objectReference: {fileID: 0}
    - target: {fileID: 460476, guid: 469bf8e20e9e5dc4da3c2ed053feaa06, type: 3}
      propertyPath: m_LocalPosition.x
      value: 2.2511592
      objectReference: {fileID: 0}
    - target: {fileID: 460476, guid: 469bf8e20e9e5dc4da3c2ed053feaa06, type: 3}
      propertyPath: m_LocalPosition.y
      value: 0
      objectReference: {fileID: 0}
    - target: {fileID: 460476, guid: 469bf8e20e9e5dc4da3c2ed053feaa06, type: 3}
      propertyPath: m_LocalPosition.z
      value: 1.6005547
      objectReference: {fileID: 0}
    - target: {fileID: 460476, guid: 469bf8e20e9e5dc4da3c2ed053feaa06, type: 3}
      propertyPath: m_LocalRotation.x
      value: -0
      objectReference: {fileID: 0}
    - target: {fileID: 460476, guid: 469bf8e20e9e5dc4da3c2ed053feaa06, type: 3}
      propertyPath: m_LocalRotation.y
      value: 0.7144083
      objectReference: {fileID: 0}
    - target: {fileID: 460476, guid: 469bf8e20e9e5dc4da3c2ed053feaa06, type: 3}
      propertyPath: m_LocalRotation.z
      value: -0
      objectReference: {fileID: 0}
    - target: {fileID: 460476, guid: 469bf8e20e9e5dc4da3c2ed053feaa06, type: 3}
      propertyPath: m_LocalRotation.w
      value: 0.69972914
      objectReference: {fileID: 0}
    - target: {fileID: 460476, guid: 469bf8e20e9e5dc4da3c2ed053feaa06, type: 3}
      propertyPath: m_RootOrder
      value: 17
      objectReference: {fileID: 0}
    - target: {fileID: 460476, guid: 469bf8e20e9e5dc4da3c2ed053feaa06, type: 3}
      propertyPath: m_LocalEulerAnglesHint.x
      value: 0
      objectReference: {fileID: 0}
    - target: {fileID: 460476, guid: 469bf8e20e9e5dc4da3c2ed053feaa06, type: 3}
      propertyPath: m_LocalEulerAnglesHint.y
      value: 91.189
      objectReference: {fileID: 0}
    - target: {fileID: 460476, guid: 469bf8e20e9e5dc4da3c2ed053feaa06, type: 3}
      propertyPath: m_LocalEulerAnglesHint.z
      value: 0
      objectReference: {fileID: 0}
    m_RemovedComponents: []
  m_SourcePrefab: {fileID: 100100000, guid: 469bf8e20e9e5dc4da3c2ed053feaa06, type: 3}
--- !u!4 &1169829235691996708 stripped
Transform:
  m_CorrespondingSourceObject: {fileID: 460476, guid: 469bf8e20e9e5dc4da3c2ed053feaa06,
    type: 3}
  m_PrefabInstance: {fileID: 1169829235692322968}
  m_PrefabAsset: {fileID: 0}
--- !u!1001 &2560721115046338326
PrefabInstance:
  m_ObjectHideFlags: 0
  serializedVersion: 2
  m_Modification:
    m_TransformParent: {fileID: 8275464002992302459}
    m_Modifications:
    - target: {fileID: 100000, guid: 61dfbdb3d2df67e479ee371859ae2a1e, type: 3}
      propertyPath: m_Name
      value: fi_vil_deck_plankpile01
      objectReference: {fileID: 0}
    - target: {fileID: 400000, guid: 61dfbdb3d2df67e479ee371859ae2a1e, type: 3}
      propertyPath: m_LocalPosition.x
      value: 1.441
      objectReference: {fileID: 0}
    - target: {fileID: 400000, guid: 61dfbdb3d2df67e479ee371859ae2a1e, type: 3}
      propertyPath: m_LocalPosition.y
      value: 0
      objectReference: {fileID: 0}
    - target: {fileID: 400000, guid: 61dfbdb3d2df67e479ee371859ae2a1e, type: 3}
      propertyPath: m_LocalPosition.z
      value: 1.433
      objectReference: {fileID: 0}
    - target: {fileID: 400000, guid: 61dfbdb3d2df67e479ee371859ae2a1e, type: 3}
      propertyPath: m_LocalRotation.x
      value: -0
      objectReference: {fileID: 0}
    - target: {fileID: 400000, guid: 61dfbdb3d2df67e479ee371859ae2a1e, type: 3}
      propertyPath: m_LocalRotation.y
      value: -0.6649548
      objectReference: {fileID: 0}
    - target: {fileID: 400000, guid: 61dfbdb3d2df67e479ee371859ae2a1e, type: 3}
      propertyPath: m_LocalRotation.z
      value: -0
      objectReference: {fileID: 0}
    - target: {fileID: 400000, guid: 61dfbdb3d2df67e479ee371859ae2a1e, type: 3}
      propertyPath: m_LocalRotation.w
      value: 0.74688363
      objectReference: {fileID: 0}
    - target: {fileID: 400000, guid: 61dfbdb3d2df67e479ee371859ae2a1e, type: 3}
      propertyPath: m_RootOrder
      value: 7
      objectReference: {fileID: 0}
    - target: {fileID: 400000, guid: 61dfbdb3d2df67e479ee371859ae2a1e, type: 3}
      propertyPath: m_LocalEulerAnglesHint.x
      value: 0
      objectReference: {fileID: 0}
    - target: {fileID: 400000, guid: 61dfbdb3d2df67e479ee371859ae2a1e, type: 3}
      propertyPath: m_LocalEulerAnglesHint.y
      value: -83.358
      objectReference: {fileID: 0}
    - target: {fileID: 400000, guid: 61dfbdb3d2df67e479ee371859ae2a1e, type: 3}
      propertyPath: m_LocalEulerAnglesHint.z
      value: 0
      objectReference: {fileID: 0}
    m_RemovedComponents: []
  m_SourcePrefab: {fileID: 100100000, guid: 61dfbdb3d2df67e479ee371859ae2a1e, type: 3}
--- !u!4 &2560721115046200726 stripped
Transform:
  m_CorrespondingSourceObject: {fileID: 400000, guid: 61dfbdb3d2df67e479ee371859ae2a1e,
    type: 3}
  m_PrefabInstance: {fileID: 2560721115046338326}
  m_PrefabAsset: {fileID: 0}
--- !u!1001 &2593330509017801605
PrefabInstance:
  m_ObjectHideFlags: 0
  serializedVersion: 2
  m_Modification:
    m_TransformParent: {fileID: 8275464002992302459}
    m_Modifications:
    - target: {fileID: 100000, guid: 102b10cabf69b784293279ad702dd406, type: 3}
      propertyPath: m_Name
      value: fi_vil_deck_plank02_A
      objectReference: {fileID: 0}
    - target: {fileID: 400000, guid: 102b10cabf69b784293279ad702dd406, type: 3}
      propertyPath: m_LocalPosition.x
      value: -2.7185771
      objectReference: {fileID: 0}
    - target: {fileID: 400000, guid: 102b10cabf69b784293279ad702dd406, type: 3}
      propertyPath: m_LocalPosition.y
      value: 0
      objectReference: {fileID: 0}
    - target: {fileID: 400000, guid: 102b10cabf69b784293279ad702dd406, type: 3}
      propertyPath: m_LocalPosition.z
      value: 0.0142560005
      objectReference: {fileID: 0}
    - target: {fileID: 400000, guid: 102b10cabf69b784293279ad702dd406, type: 3}
      propertyPath: m_LocalRotation.x
      value: -0
      objectReference: {fileID: 0}
    - target: {fileID: 400000, guid: 102b10cabf69b784293279ad702dd406, type: 3}
      propertyPath: m_LocalRotation.y
      value: -0.80171275
      objectReference: {fileID: 0}
    - target: {fileID: 400000, guid: 102b10cabf69b784293279ad702dd406, type: 3}
      propertyPath: m_LocalRotation.z
      value: -0
      objectReference: {fileID: 0}
    - target: {fileID: 400000, guid: 102b10cabf69b784293279ad702dd406, type: 3}
      propertyPath: m_LocalRotation.w
      value: 0.59770954
      objectReference: {fileID: 0}
    - target: {fileID: 400000, guid: 102b10cabf69b784293279ad702dd406, type: 3}
      propertyPath: m_RootOrder
      value: 5
      objectReference: {fileID: 0}
    - target: {fileID: 400000, guid: 102b10cabf69b784293279ad702dd406, type: 3}
      propertyPath: m_LocalEulerAnglesHint.x
      value: 0
      objectReference: {fileID: 0}
    - target: {fileID: 400000, guid: 102b10cabf69b784293279ad702dd406, type: 3}
      propertyPath: m_LocalEulerAnglesHint.y
      value: -106.588005
      objectReference: {fileID: 0}
    - target: {fileID: 400000, guid: 102b10cabf69b784293279ad702dd406, type: 3}
      propertyPath: m_LocalEulerAnglesHint.z
      value: 0
      objectReference: {fileID: 0}
    m_RemovedComponents: []
  m_SourcePrefab: {fileID: 100100000, guid: 102b10cabf69b784293279ad702dd406, type: 3}
--- !u!4 &2593330509018200325 stripped
Transform:
  m_CorrespondingSourceObject: {fileID: 400000, guid: 102b10cabf69b784293279ad702dd406,
    type: 3}
  m_PrefabInstance: {fileID: 2593330509017801605}
  m_PrefabAsset: {fileID: 0}
--- !u!1001 &2634416530399779882
PrefabInstance:
  m_ObjectHideFlags: 0
  serializedVersion: 2
  m_Modification:
    m_TransformParent: {fileID: 8275464002992302459}
    m_Modifications:
    - target: {fileID: 100000, guid: 4f9191442619327438ba1c83c1ec4997, type: 3}
      propertyPath: m_Name
      value: fi_vil_deck_plankpile02
      objectReference: {fileID: 0}
    - target: {fileID: 400000, guid: 4f9191442619327438ba1c83c1ec4997, type: 3}
      propertyPath: m_LocalPosition.x
      value: -2.403
      objectReference: {fileID: 0}
    - target: {fileID: 400000, guid: 4f9191442619327438ba1c83c1ec4997, type: 3}
      propertyPath: m_LocalPosition.y
      value: 0
      objectReference: {fileID: 0}
    - target: {fileID: 400000, guid: 4f9191442619327438ba1c83c1ec4997, type: 3}
      propertyPath: m_LocalPosition.z
      value: 0.082
      objectReference: {fileID: 0}
    - target: {fileID: 400000, guid: 4f9191442619327438ba1c83c1ec4997, type: 3}
      propertyPath: m_LocalRotation.x
      value: -0
      objectReference: {fileID: 0}
    - target: {fileID: 400000, guid: 4f9191442619327438ba1c83c1ec4997, type: 3}
      propertyPath: m_LocalRotation.y
      value: -0.61898434
      objectReference: {fileID: 0}
    - target: {fileID: 400000, guid: 4f9191442619327438ba1c83c1ec4997, type: 3}
      propertyPath: m_LocalRotation.z
      value: -0
      objectReference: {fileID: 0}
    - target: {fileID: 400000, guid: 4f9191442619327438ba1c83c1ec4997, type: 3}
      propertyPath: m_LocalRotation.w
      value: -0.7854033
      objectReference: {fileID: 0}
    - target: {fileID: 400000, guid: 4f9191442619327438ba1c83c1ec4997, type: 3}
      propertyPath: m_RootOrder
      value: 9
      objectReference: {fileID: 0}
    - target: {fileID: 400000, guid: 4f9191442619327438ba1c83c1ec4997, type: 3}
      propertyPath: m_LocalEulerAnglesHint.x
      value: 0
      objectReference: {fileID: 0}
    - target: {fileID: 400000, guid: 4f9191442619327438ba1c83c1ec4997, type: 3}
      propertyPath: m_LocalEulerAnglesHint.y
      value: 436.484
      objectReference: {fileID: 0}
    - target: {fileID: 400000, guid: 4f9191442619327438ba1c83c1ec4997, type: 3}
      propertyPath: m_LocalEulerAnglesHint.z
      value: 0
      objectReference: {fileID: 0}
    m_RemovedComponents: []
  m_SourcePrefab: {fileID: 100100000, guid: 4f9191442619327438ba1c83c1ec4997, type: 3}
--- !u!4 &2634416530399643306 stripped
Transform:
  m_CorrespondingSourceObject: {fileID: 400000, guid: 4f9191442619327438ba1c83c1ec4997,
    type: 3}
  m_PrefabInstance: {fileID: 2634416530399779882}
  m_PrefabAsset: {fileID: 0}
--- !u!1001 &2743411545873196940
PrefabInstance:
  m_ObjectHideFlags: 0
  serializedVersion: 2
  m_Modification:
    m_TransformParent: {fileID: 8275464002992302459}
    m_Modifications:
    - target: {fileID: 176000, guid: 4fe1f6e623f6d4d43aacd02fbcdac55e, type: 3}
      propertyPath: m_Name
      value: fe_vil_wagons_wood_elm_axesingle_blockC
      objectReference: {fileID: 0}
    - target: {fileID: 475840, guid: 4fe1f6e623f6d4d43aacd02fbcdac55e, type: 3}
      propertyPath: m_LocalPosition.x
      value: 2.3676932
      objectReference: {fileID: 0}
    - target: {fileID: 475840, guid: 4fe1f6e623f6d4d43aacd02fbcdac55e, type: 3}
      propertyPath: m_LocalPosition.y
      value: 0.025877655
      objectReference: {fileID: 0}
    - target: {fileID: 475840, guid: 4fe1f6e623f6d4d43aacd02fbcdac55e, type: 3}
      propertyPath: m_LocalPosition.z
      value: -1.69438
      objectReference: {fileID: 0}
    - target: {fileID: 475840, guid: 4fe1f6e623f6d4d43aacd02fbcdac55e, type: 3}
      propertyPath: m_LocalRotation.x
      value: -0
      objectReference: {fileID: 0}
    - target: {fileID: 475840, guid: 4fe1f6e623f6d4d43aacd02fbcdac55e, type: 3}
      propertyPath: m_LocalRotation.y
      value: 0.7704015
      objectReference: {fileID: 0}
    - target: {fileID: 475840, guid: 4fe1f6e623f6d4d43aacd02fbcdac55e, type: 3}
      propertyPath: m_LocalRotation.z
      value: -0
      objectReference: {fileID: 0}
    - target: {fileID: 475840, guid: 4fe1f6e623f6d4d43aacd02fbcdac55e, type: 3}
      propertyPath: m_LocalRotation.w
      value: 0.63755906
      objectReference: {fileID: 0}
    - target: {fileID: 475840, guid: 4fe1f6e623f6d4d43aacd02fbcdac55e, type: 3}
      propertyPath: m_RootOrder
      value: 0
      objectReference: {fileID: 0}
    - target: {fileID: 475840, guid: 4fe1f6e623f6d4d43aacd02fbcdac55e, type: 3}
      propertyPath: m_LocalEulerAnglesHint.x
      value: 0
      objectReference: {fileID: 0}
    - target: {fileID: 475840, guid: 4fe1f6e623f6d4d43aacd02fbcdac55e, type: 3}
      propertyPath: m_LocalEulerAnglesHint.y
      value: 100.78001
      objectReference: {fileID: 0}
    - target: {fileID: 475840, guid: 4fe1f6e623f6d4d43aacd02fbcdac55e, type: 3}
      propertyPath: m_LocalEulerAnglesHint.z
      value: 0
      objectReference: {fileID: 0}
    m_RemovedComponents: []
  m_SourcePrefab: {fileID: 100100000, guid: 4fe1f6e623f6d4d43aacd02fbcdac55e, type: 3}
--- !u!4 &2743411545873409356 stripped
Transform:
  m_CorrespondingSourceObject: {fileID: 475840, guid: 4fe1f6e623f6d4d43aacd02fbcdac55e,
    type: 3}
  m_PrefabInstance: {fileID: 2743411545873196940}
  m_PrefabAsset: {fileID: 0}
--- !u!1001 &3677070210711539081
PrefabInstance:
  m_ObjectHideFlags: 0
  serializedVersion: 2
  m_Modification:
    m_TransformParent: {fileID: 8275464002992302459}
    m_Modifications:
    - target: {fileID: 100000, guid: aa2b49e8a39c22949a58217d20105a3a, type: 3}
      propertyPath: m_Name
      value: fi_vil_deck_plankpile03
      objectReference: {fileID: 0}
    - target: {fileID: 400000, guid: aa2b49e8a39c22949a58217d20105a3a, type: 3}
      propertyPath: m_LocalPosition.x
      value: -2.035
      objectReference: {fileID: 0}
    - target: {fileID: 400000, guid: aa2b49e8a39c22949a58217d20105a3a, type: 3}
      propertyPath: m_LocalPosition.y
      value: 0
      objectReference: {fileID: 0}
    - target: {fileID: 400000, guid: aa2b49e8a39c22949a58217d20105a3a, type: 3}
      propertyPath: m_LocalPosition.z
      value: 0.41300058
      objectReference: {fileID: 0}
    - target: {fileID: 400000, guid: aa2b49e8a39c22949a58217d20105a3a, type: 3}
      propertyPath: m_LocalRotation.x
      value: -0
      objectReference: {fileID: 0}
    - target: {fileID: 400000, guid: aa2b49e8a39c22949a58217d20105a3a, type: 3}
      propertyPath: m_LocalRotation.y
      value: -0.79049903
      objectReference: {fileID: 0}
    - target: {fileID: 400000, guid: aa2b49e8a39c22949a58217d20105a3a, type: 3}
      propertyPath: m_LocalRotation.z
      value: -0
      objectReference: {fileID: 0}
    - target: {fileID: 400000, guid: aa2b49e8a39c22949a58217d20105a3a, type: 3}
      propertyPath: m_LocalRotation.w
      value: 0.6124633
      objectReference: {fileID: 0}
    - target: {fileID: 400000, guid: aa2b49e8a39c22949a58217d20105a3a, type: 3}
      propertyPath: m_RootOrder
      value: 6
      objectReference: {fileID: 0}
    - target: {fileID: 400000, guid: aa2b49e8a39c22949a58217d20105a3a, type: 3}
      propertyPath: m_LocalEulerAnglesHint.x
      value: 0
      objectReference: {fileID: 0}
    - target: {fileID: 400000, guid: aa2b49e8a39c22949a58217d20105a3a, type: 3}
      propertyPath: m_LocalEulerAnglesHint.y
      value: -104.464005
      objectReference: {fileID: 0}
    - target: {fileID: 400000, guid: aa2b49e8a39c22949a58217d20105a3a, type: 3}
      propertyPath: m_LocalEulerAnglesHint.z
      value: 0
      objectReference: {fileID: 0}
    m_RemovedComponents: []
  m_SourcePrefab: {fileID: 100100000, guid: aa2b49e8a39c22949a58217d20105a3a, type: 3}
--- !u!4 &3677070210711934729 stripped
Transform:
  m_CorrespondingSourceObject: {fileID: 400000, guid: aa2b49e8a39c22949a58217d20105a3a,
    type: 3}
  m_PrefabInstance: {fileID: 3677070210711539081}
  m_PrefabAsset: {fileID: 0}
--- !u!1001 &4013936460270042561
PrefabInstance:
  m_ObjectHideFlags: 0
  serializedVersion: 2
  m_Modification:
    m_TransformParent: {fileID: 8275464002992302459}
    m_Modifications:
    - target: {fileID: 100000, guid: 6bcdcdd1dbbf4ad4aa6bb9c08e5c4118, type: 3}
      propertyPath: m_Name
      value: fi_vil_forge_stool1
      objectReference: {fileID: 0}
    - target: {fileID: 400000, guid: 6bcdcdd1dbbf4ad4aa6bb9c08e5c4118, type: 3}
      propertyPath: m_LocalPosition.x
      value: 3.065
      objectReference: {fileID: 0}
    - target: {fileID: 400000, guid: 6bcdcdd1dbbf4ad4aa6bb9c08e5c4118, type: 3}
      propertyPath: m_LocalPosition.y
      value: 0
      objectReference: {fileID: 0}
    - target: {fileID: 400000, guid: 6bcdcdd1dbbf4ad4aa6bb9c08e5c4118, type: 3}
      propertyPath: m_LocalPosition.z
      value: 0.303
      objectReference: {fileID: 0}
    - target: {fileID: 400000, guid: 6bcdcdd1dbbf4ad4aa6bb9c08e5c4118, type: 3}
      propertyPath: m_LocalRotation.x
      value: -0
      objectReference: {fileID: 0}
    - target: {fileID: 400000, guid: 6bcdcdd1dbbf4ad4aa6bb9c08e5c4118, type: 3}
      propertyPath: m_LocalRotation.y
      value: 0.19303517
      objectReference: {fileID: 0}
    - target: {fileID: 400000, guid: 6bcdcdd1dbbf4ad4aa6bb9c08e5c4118, type: 3}
      propertyPath: m_LocalRotation.z
      value: -0
      objectReference: {fileID: 0}
    - target: {fileID: 400000, guid: 6bcdcdd1dbbf4ad4aa6bb9c08e5c4118, type: 3}
      propertyPath: m_LocalRotation.w
      value: 0.9811919
      objectReference: {fileID: 0}
    - target: {fileID: 400000, guid: 6bcdcdd1dbbf4ad4aa6bb9c08e5c4118, type: 3}
      propertyPath: m_RootOrder
      value: 11
      objectReference: {fileID: 0}
    - target: {fileID: 400000, guid: 6bcdcdd1dbbf4ad4aa6bb9c08e5c4118, type: 3}
      propertyPath: m_LocalEulerAnglesHint.x
      value: 0
      objectReference: {fileID: 0}
    - target: {fileID: 400000, guid: 6bcdcdd1dbbf4ad4aa6bb9c08e5c4118, type: 3}
      propertyPath: m_LocalEulerAnglesHint.y
      value: 22.26
      objectReference: {fileID: 0}
    - target: {fileID: 400000, guid: 6bcdcdd1dbbf4ad4aa6bb9c08e5c4118, type: 3}
      propertyPath: m_LocalEulerAnglesHint.z
      value: 0
      objectReference: {fileID: 0}
    m_RemovedComponents: []
  m_SourcePrefab: {fileID: 100100000, guid: 6bcdcdd1dbbf4ad4aa6bb9c08e5c4118, type: 3}
--- !u!4 &4013936460270167873 stripped
Transform:
  m_CorrespondingSourceObject: {fileID: 400000, guid: 6bcdcdd1dbbf4ad4aa6bb9c08e5c4118,
    type: 3}
  m_PrefabInstance: {fileID: 4013936460270042561}
  m_PrefabAsset: {fileID: 0}
--- !u!1001 &4211729452917559880
PrefabInstance:
  m_ObjectHideFlags: 0
  serializedVersion: 2
  m_Modification:
    m_TransformParent: {fileID: 8275464002992302459}
    m_Modifications:
    - target: {fileID: 100000, guid: aa2b49e8a39c22949a58217d20105a3a, type: 3}
      propertyPath: m_Name
      value: fi_vil_deck_plankpile03
      objectReference: {fileID: 0}
    - target: {fileID: 400000, guid: aa2b49e8a39c22949a58217d20105a3a, type: 3}
      propertyPath: m_LocalPosition.x
      value: 0.9610775
      objectReference: {fileID: 0}
    - target: {fileID: 400000, guid: aa2b49e8a39c22949a58217d20105a3a, type: 3}
      propertyPath: m_LocalPosition.y
      value: 0.0021714568
      objectReference: {fileID: 0}
    - target: {fileID: 400000, guid: aa2b49e8a39c22949a58217d20105a3a, type: 3}
      propertyPath: m_LocalPosition.z
      value: 1.9243658
      objectReference: {fileID: 0}
    - target: {fileID: 400000, guid: aa2b49e8a39c22949a58217d20105a3a, type: 3}
      propertyPath: m_LocalRotation.x
      value: -0.00407208
      objectReference: {fileID: 0}
    - target: {fileID: 400000, guid: aa2b49e8a39c22949a58217d20105a3a, type: 3}
      propertyPath: m_LocalRotation.y
      value: 0.7145179
      objectReference: {fileID: 0}
    - target: {fileID: 400000, guid: aa2b49e8a39c22949a58217d20105a3a, type: 3}
      propertyPath: m_LocalRotation.z
      value: -0.011363338
      objectReference: {fileID: 0}
    - target: {fileID: 400000, guid: aa2b49e8a39c22949a58217d20105a3a, type: 3}
      propertyPath: m_LocalRotation.w
      value: 0.6995131
      objectReference: {fileID: 0}
    - target: {fileID: 400000, guid: aa2b49e8a39c22949a58217d20105a3a, type: 3}
      propertyPath: m_RootOrder
      value: 8
      objectReference: {fileID: 0}
    - target: {fileID: 400000, guid: aa2b49e8a39c22949a58217d20105a3a, type: 3}
      propertyPath: m_LocalEulerAnglesHint.x
      value: 0.60400003
      objectReference: {fileID: 0}
    - target: {fileID: 400000, guid: aa2b49e8a39c22949a58217d20105a3a, type: 3}
      propertyPath: m_LocalEulerAnglesHint.y
      value: 91.20901
      objectReference: {fileID: 0}
    - target: {fileID: 400000, guid: aa2b49e8a39c22949a58217d20105a3a, type: 3}
      propertyPath: m_LocalEulerAnglesHint.z
      value: -1.2440001
      objectReference: {fileID: 0}
    m_RemovedComponents: []
  m_SourcePrefab: {fileID: 100100000, guid: aa2b49e8a39c22949a58217d20105a3a, type: 3}
--- !u!4 &4211729452917688520 stripped
Transform:
  m_CorrespondingSourceObject: {fileID: 400000, guid: aa2b49e8a39c22949a58217d20105a3a,
    type: 3}
  m_PrefabInstance: {fileID: 4211729452917559880}
  m_PrefabAsset: {fileID: 0}
--- !u!1001 &4920901779585035652
PrefabInstance:
  m_ObjectHideFlags: 0
  serializedVersion: 2
  m_Modification:
    m_TransformParent: {fileID: 8275464002992302459}
    m_Modifications:
    - target: {fileID: 100000, guid: bfed956f593b71340bb6484044646673, type: 3}
      propertyPath: m_Name
      value: fi_vil_forge_workbensh_large2
      objectReference: {fileID: 0}
    - target: {fileID: 400000, guid: bfed956f593b71340bb6484044646673, type: 3}
      propertyPath: m_LocalPosition.x
      value: -0.894
      objectReference: {fileID: 0}
    - target: {fileID: 400000, guid: bfed956f593b71340bb6484044646673, type: 3}
      propertyPath: m_LocalPosition.y
      value: 0
      objectReference: {fileID: 0}
    - target: {fileID: 400000, guid: bfed956f593b71340bb6484044646673, type: 3}
      propertyPath: m_LocalPosition.z
      value: 1.311
      objectReference: {fileID: 0}
    - target: {fileID: 400000, guid: bfed956f593b71340bb6484044646673, type: 3}
      propertyPath: m_LocalRotation.x
      value: -0
      objectReference: {fileID: 0}
    - target: {fileID: 400000, guid: bfed956f593b71340bb6484044646673, type: 3}
      propertyPath: m_LocalRotation.y
      value: 0.005591635
      objectReference: {fileID: 0}
    - target: {fileID: 400000, guid: bfed956f593b71340bb6484044646673, type: 3}
      propertyPath: m_LocalRotation.z
      value: -0
      objectReference: {fileID: 0}
    - target: {fileID: 400000, guid: bfed956f593b71340bb6484044646673, type: 3}
      propertyPath: m_LocalRotation.w
      value: 0.9999844
      objectReference: {fileID: 0}
    - target: {fileID: 400000, guid: bfed956f593b71340bb6484044646673, type: 3}
      propertyPath: m_RootOrder
      value: 15
      objectReference: {fileID: 0}
    - target: {fileID: 400000, guid: bfed956f593b71340bb6484044646673, type: 3}
      propertyPath: m_LocalEulerAnglesHint.x
      value: 0
      objectReference: {fileID: 0}
    - target: {fileID: 400000, guid: bfed956f593b71340bb6484044646673, type: 3}
      propertyPath: m_LocalEulerAnglesHint.y
      value: 0.64100003
      objectReference: {fileID: 0}
    - target: {fileID: 400000, guid: bfed956f593b71340bb6484044646673, type: 3}
      propertyPath: m_LocalEulerAnglesHint.z
      value: 0
      objectReference: {fileID: 0}
    m_RemovedComponents: []
  m_SourcePrefab: {fileID: 100100000, guid: bfed956f593b71340bb6484044646673, type: 3}
--- !u!4 &4920901779585431300 stripped
Transform:
  m_CorrespondingSourceObject: {fileID: 400000, guid: bfed956f593b71340bb6484044646673,
    type: 3}
  m_PrefabInstance: {fileID: 4920901779585035652}
  m_PrefabAsset: {fileID: 0}
--- !u!1001 &5457672953134333320
PrefabInstance:
  m_ObjectHideFlags: 0
  serializedVersion: 2
  m_Modification:
    m_TransformParent: {fileID: 8275464002992302459}
    m_Modifications:
    - target: {fileID: 100000, guid: c12c43765871d3348a7bf9719f7234b3, type: 3}
      propertyPath: m_Name
      value: fi_vil_forge_coolingbath_small2
      objectReference: {fileID: 0}
    - target: {fileID: 400000, guid: c12c43765871d3348a7bf9719f7234b3, type: 3}
      propertyPath: m_LocalPosition.x
      value: -0.807
      objectReference: {fileID: 0}
    - target: {fileID: 400000, guid: c12c43765871d3348a7bf9719f7234b3, type: 3}
      propertyPath: m_LocalPosition.y
      value: 0
      objectReference: {fileID: 0}
    - target: {fileID: 400000, guid: c12c43765871d3348a7bf9719f7234b3, type: 3}
      propertyPath: m_LocalPosition.z
      value: 2.74
      objectReference: {fileID: 0}
    - target: {fileID: 400000, guid: c12c43765871d3348a7bf9719f7234b3, type: 3}
      propertyPath: m_LocalRotation.x
      value: -0
      objectReference: {fileID: 0}
    - target: {fileID: 400000, guid: c12c43765871d3348a7bf9719f7234b3, type: 3}
      propertyPath: m_LocalRotation.y
      value: 0.29702634
      objectReference: {fileID: 0}
    - target: {fileID: 400000, guid: c12c43765871d3348a7bf9719f7234b3, type: 3}
      propertyPath: m_LocalRotation.z
      value: -0
      objectReference: {fileID: 0}
    - target: {fileID: 400000, guid: c12c43765871d3348a7bf9719f7234b3, type: 3}
      propertyPath: m_LocalRotation.w
      value: 0.9548693
      objectReference: {fileID: 0}
    - target: {fileID: 400000, guid: c12c43765871d3348a7bf9719f7234b3, type: 3}
      propertyPath: m_RootOrder
      value: 13
      objectReference: {fileID: 0}
    - target: {fileID: 400000, guid: c12c43765871d3348a7bf9719f7234b3, type: 3}
      propertyPath: m_LocalEulerAnglesHint.x
      value: 0
      objectReference: {fileID: 0}
    - target: {fileID: 400000, guid: c12c43765871d3348a7bf9719f7234b3, type: 3}
      propertyPath: m_LocalEulerAnglesHint.y
      value: 34.558002
      objectReference: {fileID: 0}
    - target: {fileID: 400000, guid: c12c43765871d3348a7bf9719f7234b3, type: 3}
      propertyPath: m_LocalEulerAnglesHint.z
      value: 0
      objectReference: {fileID: 0}
    m_RemovedComponents: []
  m_SourcePrefab: {fileID: 100100000, guid: c12c43765871d3348a7bf9719f7234b3, type: 3}
--- !u!4 &5457672953134196488 stripped
Transform:
  m_CorrespondingSourceObject: {fileID: 400000, guid: c12c43765871d3348a7bf9719f7234b3,
    type: 3}
  m_PrefabInstance: {fileID: 5457672953134333320}
  m_PrefabAsset: {fileID: 0}
--- !u!1001 &5712410044210141753
PrefabInstance:
  m_ObjectHideFlags: 0
  serializedVersion: 2
  m_Modification:
    m_TransformParent: {fileID: 8275464002992302459}
    m_Modifications:
    - target: {fileID: 100000, guid: c4ac1c807ab2bee43be13a9699f4686a, type: 3}
      propertyPath: m_Name
      value: fi_vil_forge_toolbox_full
      objectReference: {fileID: 0}
    - target: {fileID: 400000, guid: c4ac1c807ab2bee43be13a9699f4686a, type: 3}
      propertyPath: m_LocalPosition.x
      value: -0.9
      objectReference: {fileID: 0}
    - target: {fileID: 400000, guid: c4ac1c807ab2bee43be13a9699f4686a, type: 3}
      propertyPath: m_LocalPosition.y
      value: 0.93523
      objectReference: {fileID: 0}
    - target: {fileID: 400000, guid: c4ac1c807ab2bee43be13a9699f4686a, type: 3}
      propertyPath: m_LocalPosition.z
      value: 0.905
      objectReference: {fileID: 0}
    - target: {fileID: 400000, guid: c4ac1c807ab2bee43be13a9699f4686a, type: 3}
      propertyPath: m_LocalRotation.x
      value: -0
      objectReference: {fileID: 0}
    - target: {fileID: 400000, guid: c4ac1c807ab2bee43be13a9699f4686a, type: 3}
      propertyPath: m_LocalRotation.y
      value: -0.41670063
      objectReference: {fileID: 0}
    - target: {fileID: 400000, guid: c4ac1c807ab2bee43be13a9699f4686a, type: 3}
      propertyPath: m_LocalRotation.z
      value: -0
      objectReference: {fileID: 0}
    - target: {fileID: 400000, guid: c4ac1c807ab2bee43be13a9699f4686a, type: 3}
      propertyPath: m_LocalRotation.w
      value: 0.9090438
      objectReference: {fileID: 0}
    - target: {fileID: 400000, guid: c4ac1c807ab2bee43be13a9699f4686a, type: 3}
      propertyPath: m_RootOrder
      value: 10
      objectReference: {fileID: 0}
    - target: {fileID: 400000, guid: c4ac1c807ab2bee43be13a9699f4686a, type: 3}
      propertyPath: m_LocalEulerAnglesHint.x
      value: 0
      objectReference: {fileID: 0}
    - target: {fileID: 400000, guid: c4ac1c807ab2bee43be13a9699f4686a, type: 3}
      propertyPath: m_LocalEulerAnglesHint.y
      value: -49.253002
      objectReference: {fileID: 0}
    - target: {fileID: 400000, guid: c4ac1c807ab2bee43be13a9699f4686a, type: 3}
      propertyPath: m_LocalEulerAnglesHint.z
      value: 0
      objectReference: {fileID: 0}
    m_RemovedComponents: []
  m_SourcePrefab: {fileID: 100100000, guid: c4ac1c807ab2bee43be13a9699f4686a, type: 3}
--- !u!4 &5712410044210004153 stripped
Transform:
  m_CorrespondingSourceObject: {fileID: 400000, guid: c4ac1c807ab2bee43be13a9699f4686a,
    type: 3}
  m_PrefabInstance: {fileID: 5712410044210141753}
  m_PrefabAsset: {fileID: 0}
--- !u!1001 &6580961901006239578
PrefabInstance:
  m_ObjectHideFlags: 0
  serializedVersion: 2
  m_Modification:
    m_TransformParent: {fileID: 8275464002992302459}
    m_Modifications:
    - target: {fileID: 100000, guid: 6bcdcdd1dbbf4ad4aa6bb9c08e5c4118, type: 3}
      propertyPath: m_Name
      value: fi_vil_forge_stool1
      objectReference: {fileID: 0}
    - target: {fileID: 400000, guid: 6bcdcdd1dbbf4ad4aa6bb9c08e5c4118, type: 3}
      propertyPath: m_LocalPosition.x
      value: 2.396
      objectReference: {fileID: 0}
    - target: {fileID: 400000, guid: 6bcdcdd1dbbf4ad4aa6bb9c08e5c4118, type: 3}
      propertyPath: m_LocalPosition.y
      value: 0
      objectReference: {fileID: 0}
    - target: {fileID: 400000, guid: 6bcdcdd1dbbf4ad4aa6bb9c08e5c4118, type: 3}
      propertyPath: m_LocalPosition.z
      value: -0.127
      objectReference: {fileID: 0}
    - target: {fileID: 400000, guid: 6bcdcdd1dbbf4ad4aa6bb9c08e5c4118, type: 3}
      propertyPath: m_LocalRotation.x
      value: -0
      objectReference: {fileID: 0}
    - target: {fileID: 400000, guid: 6bcdcdd1dbbf4ad4aa6bb9c08e5c4118, type: 3}
      propertyPath: m_LocalRotation.y
      value: -0
      objectReference: {fileID: 0}
    - target: {fileID: 400000, guid: 6bcdcdd1dbbf4ad4aa6bb9c08e5c4118, type: 3}
      propertyPath: m_LocalRotation.z
      value: -0
      objectReference: {fileID: 0}
    - target: {fileID: 400000, guid: 6bcdcdd1dbbf4ad4aa6bb9c08e5c4118, type: 3}
      propertyPath: m_LocalRotation.w
      value: 1
      objectReference: {fileID: 0}
    - target: {fileID: 400000, guid: 6bcdcdd1dbbf4ad4aa6bb9c08e5c4118, type: 3}
      propertyPath: m_RootOrder
      value: 12
      objectReference: {fileID: 0}
    - target: {fileID: 400000, guid: 6bcdcdd1dbbf4ad4aa6bb9c08e5c4118, type: 3}
      propertyPath: m_LocalEulerAnglesHint.x
      value: 0
      objectReference: {fileID: 0}
    - target: {fileID: 400000, guid: 6bcdcdd1dbbf4ad4aa6bb9c08e5c4118, type: 3}
      propertyPath: m_LocalEulerAnglesHint.y
      value: 0
      objectReference: {fileID: 0}
    - target: {fileID: 400000, guid: 6bcdcdd1dbbf4ad4aa6bb9c08e5c4118, type: 3}
      propertyPath: m_LocalEulerAnglesHint.z
      value: 0
      objectReference: {fileID: 0}
    m_RemovedComponents: []
  m_SourcePrefab: {fileID: 100100000, guid: 6bcdcdd1dbbf4ad4aa6bb9c08e5c4118, type: 3}
--- !u!4 &6580961901006368218 stripped
Transform:
  m_CorrespondingSourceObject: {fileID: 400000, guid: 6bcdcdd1dbbf4ad4aa6bb9c08e5c4118,
    type: 3}
  m_PrefabInstance: {fileID: 6580961901006239578}
  m_PrefabAsset: {fileID: 0}
--- !u!1001 &7215524700966458067
PrefabInstance:
  m_ObjectHideFlags: 0
  serializedVersion: 2
  m_Modification:
    m_TransformParent: {fileID: 8275464002992302459}
    m_Modifications:
    - target: {fileID: 126924, guid: 3e6635f28782bb148a4bf6e84e37e97b, type: 3}
      propertyPath: m_Name
      value: fe_vil_wagons_logs_pine_pilechop03
      objectReference: {fileID: 0}
    - target: {fileID: 462848, guid: 3e6635f28782bb148a4bf6e84e37e97b, type: 3}
      propertyPath: m_LocalPosition.x
      value: -0.399
      objectReference: {fileID: 0}
    - target: {fileID: 462848, guid: 3e6635f28782bb148a4bf6e84e37e97b, type: 3}
      propertyPath: m_LocalPosition.y
      value: 0.0023189187
      objectReference: {fileID: 0}
    - target: {fileID: 462848, guid: 3e6635f28782bb148a4bf6e84e37e97b, type: 3}
      propertyPath: m_LocalPosition.z
      value: -0.902
      objectReference: {fileID: 0}
    - target: {fileID: 462848, guid: 3e6635f28782bb148a4bf6e84e37e97b, type: 3}
      propertyPath: m_LocalRotation.x
      value: -0
      objectReference: {fileID: 0}
    - target: {fileID: 462848, guid: 3e6635f28782bb148a4bf6e84e37e97b, type: 3}
      propertyPath: m_LocalRotation.y
      value: -0.5252233
      objectReference: {fileID: 0}
    - target: {fileID: 462848, guid: 3e6635f28782bb148a4bf6e84e37e97b, type: 3}
      propertyPath: m_LocalRotation.z
      value: -0
      objectReference: {fileID: 0}
    - target: {fileID: 462848, guid: 3e6635f28782bb148a4bf6e84e37e97b, type: 3}
      propertyPath: m_LocalRotation.w
      value: 0.8509645
      objectReference: {fileID: 0}
    - target: {fileID: 462848, guid: 3e6635f28782bb148a4bf6e84e37e97b, type: 3}
      propertyPath: m_RootOrder
      value: 2
      objectReference: {fileID: 0}
    - target: {fileID: 462848, guid: 3e6635f28782bb148a4bf6e84e37e97b, type: 3}
      propertyPath: m_LocalEulerAnglesHint.x
      value: 0
      objectReference: {fileID: 0}
    - target: {fileID: 462848, guid: 3e6635f28782bb148a4bf6e84e37e97b, type: 3}
      propertyPath: m_LocalEulerAnglesHint.y
      value: -63.367004
      objectReference: {fileID: 0}
    - target: {fileID: 462848, guid: 3e6635f28782bb148a4bf6e84e37e97b, type: 3}
      propertyPath: m_LocalEulerAnglesHint.z
      value: 0
      objectReference: {fileID: 0}
    m_RemovedComponents: []
  m_SourcePrefab: {fileID: 100100000, guid: 3e6635f28782bb148a4bf6e84e37e97b, type: 3}
--- !u!4 &7215524700966781651 stripped
Transform:
  m_CorrespondingSourceObject: {fileID: 462848, guid: 3e6635f28782bb148a4bf6e84e37e97b,
    type: 3}
  m_PrefabInstance: {fileID: 7215524700966458067}
  m_PrefabAsset: {fileID: 0}
--- !u!1001 &7277794800778778838
PrefabInstance:
  m_ObjectHideFlags: 0
  serializedVersion: 2
  m_Modification:
    m_TransformParent: {fileID: 124615118270578621}
    m_Modifications:
    - target: {fileID: 116336, guid: 3f1db77c196a5f942a0421e546fb608e, type: 3}
      propertyPath: m_Name
      value: fe_vil_Stall01_05a
      objectReference: {fileID: 0}
    - target: {fileID: 484618, guid: 3f1db77c196a5f942a0421e546fb608e, type: 3}
      propertyPath: m_LocalPosition.x
      value: 0
      objectReference: {fileID: 0}
    - target: {fileID: 484618, guid: 3f1db77c196a5f942a0421e546fb608e, type: 3}
      propertyPath: m_LocalPosition.y
      value: 0
      objectReference: {fileID: 0}
    - target: {fileID: 484618, guid: 3f1db77c196a5f942a0421e546fb608e, type: 3}
      propertyPath: m_LocalPosition.z
      value: -1.493
      objectReference: {fileID: 0}
    - target: {fileID: 484618, guid: 3f1db77c196a5f942a0421e546fb608e, type: 3}
      propertyPath: m_LocalRotation.x
      value: -0
      objectReference: {fileID: 0}
    - target: {fileID: 484618, guid: 3f1db77c196a5f942a0421e546fb608e, type: 3}
      propertyPath: m_LocalRotation.y
      value: -0
      objectReference: {fileID: 0}
    - target: {fileID: 484618, guid: 3f1db77c196a5f942a0421e546fb608e, type: 3}
      propertyPath: m_LocalRotation.z
      value: -0
      objectReference: {fileID: 0}
    - target: {fileID: 484618, guid: 3f1db77c196a5f942a0421e546fb608e, type: 3}
      propertyPath: m_LocalRotation.w
      value: 1
      objectReference: {fileID: 0}
    - target: {fileID: 484618, guid: 3f1db77c196a5f942a0421e546fb608e, type: 3}
      propertyPath: m_RootOrder
      value: 0
      objectReference: {fileID: 0}
    - target: {fileID: 484618, guid: 3f1db77c196a5f942a0421e546fb608e, type: 3}
      propertyPath: m_LocalEulerAnglesHint.x
      value: 0
      objectReference: {fileID: 0}
    - target: {fileID: 484618, guid: 3f1db77c196a5f942a0421e546fb608e, type: 3}
      propertyPath: m_LocalEulerAnglesHint.y
      value: 0
      objectReference: {fileID: 0}
    - target: {fileID: 484618, guid: 3f1db77c196a5f942a0421e546fb608e, type: 3}
      propertyPath: m_LocalEulerAnglesHint.z
      value: 0
      objectReference: {fileID: 0}
    m_RemovedComponents: []
  m_SourcePrefab: {fileID: 100100000, guid: 3f1db77c196a5f942a0421e546fb608e, type: 3}
--- !u!4 &7277794800779001308 stripped
Transform:
  m_CorrespondingSourceObject: {fileID: 484618, guid: 3f1db77c196a5f942a0421e546fb608e,
    type: 3}
  m_PrefabInstance: {fileID: 7277794800778778838}
  m_PrefabAsset: {fileID: 0}
--- !u!1001 &7309586032722095116
PrefabInstance:
  m_ObjectHideFlags: 0
  serializedVersion: 2
  m_Modification:
    m_TransformParent: {fileID: 8275464002992302459}
    m_Modifications:
    - target: {fileID: 154610, guid: c667cc54bc348c740bdd55d0f40a7103, type: 3}
      propertyPath: m_Name
      value: fe_vil_wagons_logs_elm_pilechop03
      objectReference: {fileID: 0}
    - target: {fileID: 488520, guid: c667cc54bc348c740bdd55d0f40a7103, type: 3}
      propertyPath: m_LocalPosition.x
      value: 1.279
      objectReference: {fileID: 0}
    - target: {fileID: 488520, guid: c667cc54bc348c740bdd55d0f40a7103, type: 3}
      propertyPath: m_LocalPosition.y
      value: 0.0005250275
      objectReference: {fileID: 0}
    - target: {fileID: 488520, guid: c667cc54bc348c740bdd55d0f40a7103, type: 3}
      propertyPath: m_LocalPosition.z
      value: -0.986
      objectReference: {fileID: 0}
    - target: {fileID: 488520, guid: c667cc54bc348c740bdd55d0f40a7103, type: 3}
      propertyPath: m_LocalRotation.x
      value: -0
      objectReference: {fileID: 0}
    - target: {fileID: 488520, guid: c667cc54bc348c740bdd55d0f40a7103, type: 3}
      propertyPath: m_LocalRotation.y
      value: 0.98209995
      objectReference: {fileID: 0}
    - target: {fileID: 488520, guid: c667cc54bc348c740bdd55d0f40a7103, type: 3}
      propertyPath: m_LocalRotation.z
      value: -0
      objectReference: {fileID: 0}
    - target: {fileID: 488520, guid: c667cc54bc348c740bdd55d0f40a7103, type: 3}
      propertyPath: m_LocalRotation.w
      value: -0.18836078
      objectReference: {fileID: 0}
    - target: {fileID: 488520, guid: c667cc54bc348c740bdd55d0f40a7103, type: 3}
      propertyPath: m_RootOrder
      value: 1
      objectReference: {fileID: 0}
    - target: {fileID: 488520, guid: c667cc54bc348c740bdd55d0f40a7103, type: 3}
      propertyPath: m_LocalEulerAnglesHint.x
      value: 0
      objectReference: {fileID: 0}
    - target: {fileID: 488520, guid: c667cc54bc348c740bdd55d0f40a7103, type: 3}
      propertyPath: m_LocalEulerAnglesHint.y
      value: 201.71399
      objectReference: {fileID: 0}
    - target: {fileID: 488520, guid: c667cc54bc348c740bdd55d0f40a7103, type: 3}
      propertyPath: m_LocalEulerAnglesHint.z
      value: 0
      objectReference: {fileID: 0}
    m_RemovedComponents: []
  m_SourcePrefab: {fileID: 100100000, guid: c667cc54bc348c740bdd55d0f40a7103, type: 3}
--- !u!4 &7309586032721778756 stripped
Transform:
  m_CorrespondingSourceObject: {fileID: 488520, guid: c667cc54bc348c740bdd55d0f40a7103,
    type: 3}
  m_PrefabInstance: {fileID: 7309586032722095116}
  m_PrefabAsset: {fileID: 0}
--- !u!1001 &7967900117257809810
PrefabInstance:
  m_ObjectHideFlags: 0
  serializedVersion: 2
  m_Modification:
    m_TransformParent: {fileID: 8275464002992302459}
    m_Modifications:
    - target: {fileID: 134744, guid: 95df6415d5b36564186b9799303c8962, type: 3}
      propertyPath: m_Name
      value: fe_vil_wagons_logs_pine_pilestack02
      objectReference: {fileID: 0}
    - target: {fileID: 468956, guid: 95df6415d5b36564186b9799303c8962, type: 3}
      propertyPath: m_LocalPosition.x
      value: -0.017
      objectReference: {fileID: 0}
    - target: {fileID: 468956, guid: 95df6415d5b36564186b9799303c8962, type: 3}
      propertyPath: m_LocalPosition.y
      value: 0
      objectReference: {fileID: 0}
    - target: {fileID: 468956, guid: 95df6415d5b36564186b9799303c8962, type: 3}
      propertyPath: m_LocalPosition.z
      value: -2.245
      objectReference: {fileID: 0}
    - target: {fileID: 468956, guid: 95df6415d5b36564186b9799303c8962, type: 3}
      propertyPath: m_LocalRotation.x
      value: -0
      objectReference: {fileID: 0}
    - target: {fileID: 468956, guid: 95df6415d5b36564186b9799303c8962, type: 3}
      propertyPath: m_LocalRotation.y
      value: -0.033957273
      objectReference: {fileID: 0}
    - target: {fileID: 468956, guid: 95df6415d5b36564186b9799303c8962, type: 3}
      propertyPath: m_LocalRotation.z
      value: -0
      objectReference: {fileID: 0}
    - target: {fileID: 468956, guid: 95df6415d5b36564186b9799303c8962, type: 3}
      propertyPath: m_LocalRotation.w
      value: 0.9994233
      objectReference: {fileID: 0}
    - target: {fileID: 468956, guid: 95df6415d5b36564186b9799303c8962, type: 3}
      propertyPath: m_RootOrder
      value: 16
      objectReference: {fileID: 0}
    - target: {fileID: 468956, guid: 95df6415d5b36564186b9799303c8962, type: 3}
      propertyPath: m_LocalEulerAnglesHint.x
      value: 0
      objectReference: {fileID: 0}
    - target: {fileID: 468956, guid: 95df6415d5b36564186b9799303c8962, type: 3}
      propertyPath: m_LocalEulerAnglesHint.y
      value: -3.8920002
      objectReference: {fileID: 0}
    - target: {fileID: 468956, guid: 95df6415d5b36564186b9799303c8962, type: 3}
      propertyPath: m_LocalEulerAnglesHint.z
      value: 0
      objectReference: {fileID: 0}
    m_RemovedComponents: []
  m_SourcePrefab: {fileID: 100100000, guid: 95df6415d5b36564186b9799303c8962, type: 3}
--- !u!4 &7967900117258127438 stripped
Transform:
  m_CorrespondingSourceObject: {fileID: 468956, guid: 95df6415d5b36564186b9799303c8962,
    type: 3}
  m_PrefabInstance: {fileID: 7967900117257809810}
  m_PrefabAsset: {fileID: 0}
--- !u!1001 &8790715062883827509
PrefabInstance:
  m_ObjectHideFlags: 0
  serializedVersion: 2
  m_Modification:
    m_TransformParent: {fileID: 124615118270578621}
    m_Modifications:
    - target: {fileID: 188466, guid: 9a37f61441a8464459c80077811f8978, type: 3}
      propertyPath: m_Name
      value: fe_vil_Stall01_04a
      objectReference: {fileID: 0}
    - target: {fileID: 480156, guid: 9a37f61441a8464459c80077811f8978, type: 3}
      propertyPath: m_LocalPosition.x
      value: 0
      objectReference: {fileID: 0}
    - target: {fileID: 480156, guid: 9a37f61441a8464459c80077811f8978, type: 3}
      propertyPath: m_LocalPosition.y
      value: 0
      objectReference: {fileID: 0}
    - target: {fileID: 480156, guid: 9a37f61441a8464459c80077811f8978, type: 3}
      propertyPath: m_LocalPosition.z
      value: 1.35
      objectReference: {fileID: 0}
    - target: {fileID: 480156, guid: 9a37f61441a8464459c80077811f8978, type: 3}
      propertyPath: m_LocalRotation.x
      value: -0
      objectReference: {fileID: 0}
    - target: {fileID: 480156, guid: 9a37f61441a8464459c80077811f8978, type: 3}
      propertyPath: m_LocalRotation.y
      value: -0
      objectReference: {fileID: 0}
    - target: {fileID: 480156, guid: 9a37f61441a8464459c80077811f8978, type: 3}
      propertyPath: m_LocalRotation.z
      value: -0
      objectReference: {fileID: 0}
    - target: {fileID: 480156, guid: 9a37f61441a8464459c80077811f8978, type: 3}
      propertyPath: m_LocalRotation.w
      value: 1
      objectReference: {fileID: 0}
    - target: {fileID: 480156, guid: 9a37f61441a8464459c80077811f8978, type: 3}
      propertyPath: m_RootOrder
      value: 1
      objectReference: {fileID: 0}
    - target: {fileID: 480156, guid: 9a37f61441a8464459c80077811f8978, type: 3}
      propertyPath: m_LocalEulerAnglesHint.x
      value: 0
      objectReference: {fileID: 0}
    - target: {fileID: 480156, guid: 9a37f61441a8464459c80077811f8978, type: 3}
      propertyPath: m_LocalEulerAnglesHint.y
      value: 0
      objectReference: {fileID: 0}
    - target: {fileID: 480156, guid: 9a37f61441a8464459c80077811f8978, type: 3}
      propertyPath: m_LocalEulerAnglesHint.z
      value: 0
      objectReference: {fileID: 0}
    m_RemovedComponents: []
  m_SourcePrefab: {fileID: 100100000, guid: 9a37f61441a8464459c80077811f8978, type: 3}
--- !u!4 &8790715062883642537 stripped
Transform:
  m_CorrespondingSourceObject: {fileID: 480156, guid: 9a37f61441a8464459c80077811f8978,
    type: 3}
  m_PrefabInstance: {fileID: 8790715062883827509}
  m_PrefabAsset: {fileID: 0}
