%YAML 1.1
%TAG !u! tag:unity3d.com,2011:
--- !u!1 &4338502913252208819
GameObject:
  m_ObjectHideFlags: 0
  m_CorrespondingSourceObject: {fileID: 0}
  m_PrefabInstance: {fileID: 0}
  m_PrefabAsset: {fileID: 0}
  serializedVersion: 6
  m_Component:
  - component: {fileID: 4045883882733308947}
  m_Layer: 0
  m_Name: BarrowSet04B
  m_TagString: Untagged
  m_Icon: {fileID: 0}
  m_NavMeshLayer: 0
  m_StaticEditorFlags: 0
  m_IsActive: 1
--- !u!4 &4045883882733308947
Transform:
  m_ObjectHideFlags: 0
  m_CorrespondingSourceObject: {fileID: 0}
  m_PrefabInstance: {fileID: 0}
  m_PrefabAsset: {fileID: 0}
  m_GameObject: {fileID: 4338502913252208819}
  m_LocalRotation: {x: 0, y: 0, z: 0, w: 1}
  m_LocalPosition: {x: 0, y: 0, z: 0}
  m_LocalScale: {x: 1, y: 1, z: 1}
  m_Children:
  - {fileID: 1946927300212868785}
  - {fileID: 3712927994978895222}
  - {fileID: 7707330105019606331}
  - {fileID: 3465578386992934388}
  m_Father: {fileID: 0}
  m_RootOrder: 0
  m_LocalEulerAnglesHint: {x: 0, y: 0, z: 0}
--- !u!1001 &575076041207390521
PrefabInstance:
  m_ObjectHideFlags: 0
  serializedVersion: 2
  m_Modification:
    m_TransformParent: {fileID: 1946927300212868785}
    m_Modifications:
    - target: {fileID: 100000, guid: 990dfdc0273fc324daa3afc755f28fa1, type: 3}
      propertyPath: m_Name
      value: fi_vil_container_bag01_01
      objectReference: {fileID: 0}
    - target: {fileID: 400000, guid: 990dfdc0273fc324daa3afc755f28fa1, type: 3}
      propertyPath: m_LocalPosition.x
      value: -0.1583896
      objectReference: {fileID: 0}
    - target: {fileID: 400000, guid: 990dfdc0273fc324daa3afc755f28fa1, type: 3}
      propertyPath: m_LocalPosition.y
      value: 0.2073148
      objectReference: {fileID: 0}
    - target: {fileID: 400000, guid: 990dfdc0273fc324daa3afc755f28fa1, type: 3}
      propertyPath: m_LocalPosition.z
      value: -1.1144733
      objectReference: {fileID: 0}
    - target: {fileID: 400000, guid: 990dfdc0273fc324daa3afc755f28fa1, type: 3}
      propertyPath: m_LocalRotation.x
      value: 0.04146929
      objectReference: {fileID: 0}
    - target: {fileID: 400000, guid: 990dfdc0273fc324daa3afc755f28fa1, type: 3}
      propertyPath: m_LocalRotation.y
      value: -0.9231575
      objectReference: {fileID: 0}
    - target: {fileID: 400000, guid: 990dfdc0273fc324daa3afc755f28fa1, type: 3}
      propertyPath: m_LocalRotation.z
      value: -0.16158417
      objectReference: {fileID: 0}
    - target: {fileID: 400000, guid: 990dfdc0273fc324daa3afc755f28fa1, type: 3}
      propertyPath: m_LocalRotation.w
      value: 0.3463395
      objectReference: {fileID: 0}
    - target: {fileID: 400000, guid: 990dfdc0273fc324daa3afc755f28fa1, type: 3}
      propertyPath: m_RootOrder
      value: 2
      objectReference: {fileID: 0}
    - target: {fileID: 400000, guid: 990dfdc0273fc324daa3afc755f28fa1, type: 3}
      propertyPath: m_LocalEulerAnglesHint.x
      value: -15.641001
      objectReference: {fileID: 0}
    - target: {fileID: 400000, guid: 990dfdc0273fc324daa3afc755f28fa1, type: 3}
      propertyPath: m_LocalEulerAnglesHint.y
      value: -137.31601
      objectReference: {fileID: 0}
    - target: {fileID: 400000, guid: 990dfdc0273fc324daa3afc755f28fa1, type: 3}
      propertyPath: m_LocalEulerAnglesHint.z
      value: -11.288
      objectReference: {fileID: 0}
    m_RemovedComponents: []
  m_SourcePrefab: {fileID: 100100000, guid: 990dfdc0273fc324daa3afc755f28fa1, type: 3}
--- !u!1001 &1946927300212953921
PrefabInstance:
  m_ObjectHideFlags: 0
  serializedVersion: 2
  m_Modification:
    m_TransformParent: {fileID: 4045883882733308947}
    m_Modifications:
    - target: {fileID: 112552, guid: b3b770dafb7b07245bb3bbdd7ca25250, type: 3}
      propertyPath: m_Name
      value: fe_vil_wagons_c_bar01D
      objectReference: {fileID: 0}
    - target: {fileID: 447984, guid: b3b770dafb7b07245bb3bbdd7ca25250, type: 3}
      propertyPath: m_LocalPosition.x
      value: 0
      objectReference: {fileID: 0}
    - target: {fileID: 447984, guid: b3b770dafb7b07245bb3bbdd7ca25250, type: 3}
      propertyPath: m_LocalPosition.y
      value: 0.216
      objectReference: {fileID: 0}
    - target: {fileID: 447984, guid: b3b770dafb7b07245bb3bbdd7ca25250, type: 3}
      propertyPath: m_LocalPosition.z
      value: 0.592
      objectReference: {fileID: 0}
    - target: {fileID: 447984, guid: b3b770dafb7b07245bb3bbdd7ca25250, type: 3}
      propertyPath: m_LocalRotation.x
      value: -0
      objectReference: {fileID: 0}
    - target: {fileID: 447984, guid: b3b770dafb7b07245bb3bbdd7ca25250, type: 3}
      propertyPath: m_LocalRotation.y
      value: -0
      objectReference: {fileID: 0}
    - target: {fileID: 447984, guid: b3b770dafb7b07245bb3bbdd7ca25250, type: 3}
      propertyPath: m_LocalRotation.z
      value: -0
      objectReference: {fileID: 0}
    - target: {fileID: 447984, guid: b3b770dafb7b07245bb3bbdd7ca25250, type: 3}
      propertyPath: m_LocalRotation.w
      value: 1
      objectReference: {fileID: 0}
    - target: {fileID: 447984, guid: b3b770dafb7b07245bb3bbdd7ca25250, type: 3}
      propertyPath: m_RootOrder
      value: 0
      objectReference: {fileID: 0}
    - target: {fileID: 447984, guid: b3b770dafb7b07245bb3bbdd7ca25250, type: 3}
      propertyPath: m_LocalEulerAnglesHint.x
      value: 0
      objectReference: {fileID: 0}
    - target: {fileID: 447984, guid: b3b770dafb7b07245bb3bbdd7ca25250, type: 3}
      propertyPath: m_LocalEulerAnglesHint.y
      value: 0
      objectReference: {fileID: 0}
    - target: {fileID: 447984, guid: b3b770dafb7b07245bb3bbdd7ca25250, type: 3}
      propertyPath: m_LocalEulerAnglesHint.z
      value: 0
      objectReference: {fileID: 0}
    m_RemovedComponents: []
  m_SourcePrefab: {fileID: 100100000, guid: b3b770dafb7b07245bb3bbdd7ca25250, type: 3}
--- !u!4 &1946927300212868785 stripped
Transform:
  m_CorrespondingSourceObject: {fileID: 447984, guid: b3b770dafb7b07245bb3bbdd7ca25250,
    type: 3}
  m_PrefabInstance: {fileID: 1946927300212953921}
  m_PrefabAsset: {fileID: 0}
--- !u!1001 &3465578386992805748
PrefabInstance:
  m_ObjectHideFlags: 0
  serializedVersion: 2
  m_Modification:
    m_TransformParent: {fileID: 4045883882733308947}
    m_Modifications:
    - target: {fileID: 100000, guid: feb6142f06d9bf747bf84511351da563, type: 3}
      propertyPath: m_Name
      value: fi_vil_container_basket03_closed
      objectReference: {fileID: 0}
    - target: {fileID: 400000, guid: feb6142f06d9bf747bf84511351da563, type: 3}
      propertyPath: m_LocalPosition.x
      value: 1.2115618
      objectReference: {fileID: 0}
    - target: {fileID: 400000, guid: feb6142f06d9bf747bf84511351da563, type: 3}
      propertyPath: m_LocalPosition.y
      value: 0
      objectReference: {fileID: 0}
    - target: {fileID: 400000, guid: feb6142f06d9bf747bf84511351da563, type: 3}
      propertyPath: m_LocalPosition.z
      value: -0.83901393
      objectReference: {fileID: 0}
    - target: {fileID: 400000, guid: feb6142f06d9bf747bf84511351da563, type: 3}
      propertyPath: m_LocalRotation.x
      value: -0
      objectReference: {fileID: 0}
    - target: {fileID: 400000, guid: feb6142f06d9bf747bf84511351da563, type: 3}
      propertyPath: m_LocalRotation.y
      value: -0.7756422
      objectReference: {fileID: 0}
    - target: {fileID: 400000, guid: feb6142f06d9bf747bf84511351da563, type: 3}
      propertyPath: m_LocalRotation.z
      value: -0
      objectReference: {fileID: 0}
    - target: {fileID: 400000, guid: feb6142f06d9bf747bf84511351da563, type: 3}
      propertyPath: m_LocalRotation.w
      value: 0.63117284
      objectReference: {fileID: 0}
    - target: {fileID: 400000, guid: feb6142f06d9bf747bf84511351da563, type: 3}
      propertyPath: m_RootOrder
      value: 3
      objectReference: {fileID: 0}
    - target: {fileID: 400000, guid: feb6142f06d9bf747bf84511351da563, type: 3}
      propertyPath: m_LocalEulerAnglesHint.x
      value: 0
      objectReference: {fileID: 0}
    - target: {fileID: 400000, guid: feb6142f06d9bf747bf84511351da563, type: 3}
      propertyPath: m_LocalEulerAnglesHint.y
      value: -101.727005
      objectReference: {fileID: 0}
    - target: {fileID: 400000, guid: feb6142f06d9bf747bf84511351da563, type: 3}
      propertyPath: m_LocalEulerAnglesHint.z
      value: 0
      objectReference: {fileID: 0}
    m_RemovedComponents: []
  m_SourcePrefab: {fileID: 100100000, guid: feb6142f06d9bf747bf84511351da563, type: 3}
--- !u!4 &3465578386992934388 stripped
Transform:
  m_CorrespondingSourceObject: {fileID: 400000, guid: feb6142f06d9bf747bf84511351da563,
    type: 3}
  m_PrefabInstance: {fileID: 3465578386992805748}
  m_PrefabAsset: {fileID: 0}
--- !u!1001 &3712927994979033078
PrefabInstance:
  m_ObjectHideFlags: 0
  serializedVersion: 2
  m_Modification:
    m_TransformParent: {fileID: 4045883882733308947}
    m_Modifications:
    - target: {fileID: 100000, guid: ddefed85b8182304eb0f9a5010011122, type: 3}
      propertyPath: m_Name
      value: fi_vil_container_basket01_cherries_lid
      objectReference: {fileID: 0}
    - target: {fileID: 400000, guid: ddefed85b8182304eb0f9a5010011122, type: 3}
      propertyPath: m_LocalPosition.x
      value: 0.78341013
      objectReference: {fileID: 0}
    - target: {fileID: 400000, guid: ddefed85b8182304eb0f9a5010011122, type: 3}
      propertyPath: m_LocalPosition.y
      value: 0
      objectReference: {fileID: 0}
    - target: {fileID: 400000, guid: ddefed85b8182304eb0f9a5010011122, type: 3}
      propertyPath: m_LocalPosition.z
      value: -1.0768036
      objectReference: {fileID: 0}
    - target: {fileID: 400000, guid: ddefed85b8182304eb0f9a5010011122, type: 3}
      propertyPath: m_LocalRotation.x
      value: -0
      objectReference: {fileID: 0}
    - target: {fileID: 400000, guid: ddefed85b8182304eb0f9a5010011122, type: 3}
      propertyPath: m_LocalRotation.y
      value: -0.99432206
      objectReference: {fileID: 0}
    - target: {fileID: 400000, guid: ddefed85b8182304eb0f9a5010011122, type: 3}
      propertyPath: m_LocalRotation.z
      value: -0
      objectReference: {fileID: 0}
    - target: {fileID: 400000, guid: ddefed85b8182304eb0f9a5010011122, type: 3}
      propertyPath: m_LocalRotation.w
      value: 0.1064129
      objectReference: {fileID: 0}
    - target: {fileID: 400000, guid: ddefed85b8182304eb0f9a5010011122, type: 3}
      propertyPath: m_RootOrder
      value: 1
      objectReference: {fileID: 0}
    - target: {fileID: 400000, guid: ddefed85b8182304eb0f9a5010011122, type: 3}
      propertyPath: m_LocalEulerAnglesHint.x
      value: 0
      objectReference: {fileID: 0}
    - target: {fileID: 400000, guid: ddefed85b8182304eb0f9a5010011122, type: 3}
      propertyPath: m_LocalEulerAnglesHint.y
      value: -167.783
      objectReference: {fileID: 0}
    - target: {fileID: 400000, guid: ddefed85b8182304eb0f9a5010011122, type: 3}
      propertyPath: m_LocalEulerAnglesHint.z
      value: 0
      objectReference: {fileID: 0}
    m_RemovedComponents: []
  m_SourcePrefab: {fileID: 100100000, guid: ddefed85b8182304eb0f9a5010011122, type: 3}
--- !u!4 &3712927994978895222 stripped
Transform:
  m_CorrespondingSourceObject: {fileID: 400000, guid: ddefed85b8182304eb0f9a5010011122,
    type: 3}
  m_PrefabInstance: {fileID: 3712927994979033078}
  m_PrefabAsset: {fileID: 0}
--- !u!1001 &5213729847511316372
PrefabInstance:
  m_ObjectHideFlags: 0
  serializedVersion: 2
  m_Modification:
    m_TransformParent: {fileID: 1946927300212868785}
    m_Modifications:
    - target: {fileID: 100000, guid: 75f0cd54c776bb14a80e6061c44a4a16, type: 3}
      propertyPath: m_Name
      value: fi_vil_container_bag01_02
      objectReference: {fileID: 0}
    - target: {fileID: 400000, guid: 75f0cd54c776bb14a80e6061c44a4a16, type: 3}
      propertyPath: m_LocalPosition.x
      value: 0.1696
      objectReference: {fileID: 0}
    - target: {fileID: 400000, guid: 75f0cd54c776bb14a80e6061c44a4a16, type: 3}
      propertyPath: m_LocalPosition.y
      value: 0.18100001
      objectReference: {fileID: 0}
    - target: {fileID: 400000, guid: 75f0cd54c776bb14a80e6061c44a4a16, type: 3}
      propertyPath: m_LocalPosition.z
      value: -1.0372
      objectReference: {fileID: 0}
    - target: {fileID: 400000, guid: 75f0cd54c776bb14a80e6061c44a4a16, type: 3}
      propertyPath: m_LocalRotation.x
      value: 0.13492012
      objectReference: {fileID: 0}
    - target: {fileID: 400000, guid: 75f0cd54c776bb14a80e6061c44a4a16, type: 3}
      propertyPath: m_LocalRotation.y
      value: 0.03171072
      objectReference: {fileID: 0}
    - target: {fileID: 400000, guid: 75f0cd54c776bb14a80e6061c44a4a16, type: 3}
      propertyPath: m_LocalRotation.z
      value: -0.018093238
      objectReference: {fileID: 0}
    - target: {fileID: 400000, guid: 75f0cd54c776bb14a80e6061c44a4a16, type: 3}
      propertyPath: m_LocalRotation.w
      value: 0.99018365
      objectReference: {fileID: 0}
    - target: {fileID: 400000, guid: 75f0cd54c776bb14a80e6061c44a4a16, type: 3}
      propertyPath: m_RootOrder
      value: 1
      objectReference: {fileID: 0}
    - target: {fileID: 400000, guid: 75f0cd54c776bb14a80e6061c44a4a16, type: 3}
      propertyPath: m_LocalEulerAnglesHint.x
      value: 15.565001
      objectReference: {fileID: 0}
    - target: {fileID: 400000, guid: 75f0cd54c776bb14a80e6061c44a4a16, type: 3}
      propertyPath: m_LocalEulerAnglesHint.y
      value: 3.4470003
      objectReference: {fileID: 0}
    - target: {fileID: 400000, guid: 75f0cd54c776bb14a80e6061c44a4a16, type: 3}
      propertyPath: m_LocalEulerAnglesHint.z
      value: -1.6220001
      objectReference: {fileID: 0}
    m_RemovedComponents: []
  m_SourcePrefab: {fileID: 100100000, guid: 75f0cd54c776bb14a80e6061c44a4a16, type: 3}
--- !u!1001 &5501709306040831678
PrefabInstance:
  m_ObjectHideFlags: 0
  serializedVersion: 2
  m_Modification:
    m_TransformParent: {fileID: 1946927300212868785}
    m_Modifications:
    - target: {fileID: 100000, guid: b05ab35d1643b7c48b80bb09a195975e, type: 3}
      propertyPath: m_Name
      value: fi_vil_container_basket01_closed
      objectReference: {fileID: 0}
    - target: {fileID: 400000, guid: b05ab35d1643b7c48b80bb09a195975e, type: 3}
      propertyPath: m_LocalPosition.x
      value: 0.041
      objectReference: {fileID: 0}
    - target: {fileID: 400000, guid: b05ab35d1643b7c48b80bb09a195975e, type: 3}
      propertyPath: m_LocalPosition.y
      value: 0.094999984
      objectReference: {fileID: 0}
    - target: {fileID: 400000, guid: b05ab35d1643b7c48b80bb09a195975e, type: 3}
      propertyPath: m_LocalPosition.z
      value: -0.56999886
      objectReference: {fileID: 0}
    - target: {fileID: 400000, guid: b05ab35d1643b7c48b80bb09a195975e, type: 3}
      propertyPath: m_LocalRotation.x
      value: 0.029917337
      objectReference: {fileID: 0}
    - target: {fileID: 400000, guid: b05ab35d1643b7c48b80bb09a195975e, type: 3}
      propertyPath: m_LocalRotation.y
      value: 0.15036896
      objectReference: {fileID: 0}
    - target: {fileID: 400000, guid: b05ab35d1643b7c48b80bb09a195975e, type: 3}
      propertyPath: m_LocalRotation.z
      value: 0.0045525096
      objectReference: {fileID: 0}
    - target: {fileID: 400000, guid: b05ab35d1643b7c48b80bb09a195975e, type: 3}
      propertyPath: m_LocalRotation.w
      value: 0.98816675
      objectReference: {fileID: 0}
    - target: {fileID: 400000, guid: b05ab35d1643b7c48b80bb09a195975e, type: 3}
      propertyPath: m_RootOrder
      value: 3
      objectReference: {fileID: 0}
    - target: {fileID: 400000, guid: b05ab35d1643b7c48b80bb09a195975e, type: 3}
      propertyPath: m_LocalEulerAnglesHint.x
      value: 3.311
      objectReference: {fileID: 0}
    - target: {fileID: 400000, guid: b05ab35d1643b7c48b80bb09a195975e, type: 3}
      propertyPath: m_LocalEulerAnglesHint.y
      value: 17.334002
      objectReference: {fileID: 0}
    - target: {fileID: 400000, guid: b05ab35d1643b7c48b80bb09a195975e, type: 3}
      propertyPath: m_LocalEulerAnglesHint.z
      value: 1.033
      objectReference: {fileID: 0}
    m_RemovedComponents: []
  m_SourcePrefab: {fileID: 100100000, guid: b05ab35d1643b7c48b80bb09a195975e, type: 3}
--- !u!1001 &7707330105019219899
PrefabInstance:
  m_ObjectHideFlags: 0
  serializedVersion: 2
  m_Modification:
    m_TransformParent: {fileID: 4045883882733308947}
    m_Modifications:
    - target: {fileID: 100000, guid: 0c5f6aa5d68ca304686beb1b0944754a, type: 3}
      propertyPath: m_Name
      value: fi_vil_container_basket03_cherries_lid
      objectReference: {fileID: 0}
    - target: {fileID: 400000, guid: 0c5f6aa5d68ca304686beb1b0944754a, type: 3}
      propertyPath: m_LocalPosition.x
      value: 0.9295287
      objectReference: {fileID: 0}
    - target: {fileID: 400000, guid: 0c5f6aa5d68ca304686beb1b0944754a, type: 3}
      propertyPath: m_LocalPosition.y
      value: 0
      objectReference: {fileID: 0}
    - target: {fileID: 400000, guid: 0c5f6aa5d68ca304686beb1b0944754a, type: 3}
      propertyPath: m_LocalPosition.z
      value: -0.6109933
      objectReference: {fileID: 0}
    - target: {fileID: 400000, guid: 0c5f6aa5d68ca304686beb1b0944754a, type: 3}
      propertyPath: m_LocalRotation.x
      value: -0
      objectReference: {fileID: 0}
    - target: {fileID: 400000, guid: 0c5f6aa5d68ca304686beb1b0944754a, type: 3}
      propertyPath: m_LocalRotation.y
      value: -0.37522638
      objectReference: {fileID: 0}
    - target: {fileID: 400000, guid: 0c5f6aa5d68ca304686beb1b0944754a, type: 3}
      propertyPath: m_LocalRotation.z
      value: -0
      objectReference: {fileID: 0}
    - target: {fileID: 400000, guid: 0c5f6aa5d68ca304686beb1b0944754a, type: 3}
      propertyPath: m_LocalRotation.w
      value: 0.9269332
      objectReference: {fileID: 0}
    - target: {fileID: 400000, guid: 0c5f6aa5d68ca304686beb1b0944754a, type: 3}
      propertyPath: m_RootOrder
      value: 2
      objectReference: {fileID: 0}
    - target: {fileID: 400000, guid: 0c5f6aa5d68ca304686beb1b0944754a, type: 3}
      propertyPath: m_LocalEulerAnglesHint.x
      value: 0
      objectReference: {fileID: 0}
    - target: {fileID: 400000, guid: 0c5f6aa5d68ca304686beb1b0944754a, type: 3}
      propertyPath: m_LocalEulerAnglesHint.y
      value: -44.077003
      objectReference: {fileID: 0}
    - target: {fileID: 400000, guid: 0c5f6aa5d68ca304686beb1b0944754a, type: 3}
      propertyPath: m_LocalEulerAnglesHint.z
      value: 0
      objectReference: {fileID: 0}
    m_RemovedComponents: []
  m_SourcePrefab: {fileID: 100100000, guid: 0c5f6aa5d68ca304686beb1b0944754a, type: 3}
--- !u!4 &7707330105019606331 stripped
Transform:
  m_CorrespondingSourceObject: {fileID: 400000, guid: 0c5f6aa5d68ca304686beb1b0944754a,
    type: 3}
  m_PrefabInstance: {fileID: 7707330105019219899}
  m_PrefabAsset: {fileID: 0}
