%YAML 1.1
%TAG !u! tag:unity3d.com,2011:
--- !u!1 &1976651014593758241
GameObject:
  m_ObjectHideFlags: 0
  m_CorrespondingSourceObject: {fileID: 0}
  m_PrefabInstance: {fileID: 0}
  m_PrefabAsset: {fileID: 0}
  serializedVersion: 6
  m_Component:
  - component: {fileID: 1127042648975017268}
  m_Layer: 0
  m_Name: marketwallA_X
  m_TagString: Untagged
  m_Icon: {fileID: 0}
  m_NavMeshLayer: 0
  m_StaticEditorFlags: 0
  m_IsActive: 1
--- !u!4 &1127042648975017268
Transform:
  m_ObjectHideFlags: 0
  m_CorrespondingSourceObject: {fileID: 0}
  m_PrefabInstance: {fileID: 0}
  m_PrefabAsset: {fileID: 0}
  m_GameObject: {fileID: 1976651014593758241}
  m_LocalRotation: {x: 0, y: 0, z: 0, w: 1}
  m_LocalPosition: {x: 0, y: 0, z: 0}
  m_LocalScale: {x: 1, y: 1, z: 1}
  m_Children:
  - {fileID: 2685209008672558374}
  - {fileID: 2491065219287598093}
  - {fileID: 965469380785765903}
  m_Father: {fileID: 0}
  m_RootOrder: 0
  m_LocalEulerAnglesHint: {x: 0, y: 0, z: 0}
--- !u!1001 &2749066619074304518
PrefabInstance:
  m_ObjectHideFlags: 0
  serializedVersion: 2
  m_Modification:
    m_TransformParent: {fileID: 1127042648975017268}
    m_Modifications:
    - target: {fileID: 244710449785962238, guid: 212906ebd7e270944a7c6771ad1d8b8a,
        type: 3}
      propertyPath: m_Name
      value: MarketWall_post
      objectReference: {fileID: 0}
    - target: {fileID: 244710449786230560, guid: 212906ebd7e270944a7c6771ad1d8b8a,
        type: 3}
      propertyPath: m_LocalPosition.x
      value: 0
      objectReference: {fileID: 0}
    - target: {fileID: 244710449786230560, guid: 212906ebd7e270944a7c6771ad1d8b8a,
        type: 3}
      propertyPath: m_LocalPosition.y
      value: 0
      objectReference: {fileID: 0}
    - target: {fileID: 244710449786230560, guid: 212906ebd7e270944a7c6771ad1d8b8a,
        type: 3}
      propertyPath: m_LocalPosition.z
      value: 0
      objectReference: {fileID: 0}
    - target: {fileID: 244710449786230560, guid: 212906ebd7e270944a7c6771ad1d8b8a,
        type: 3}
      propertyPath: m_LocalRotation.x
      value: -0
      objectReference: {fileID: 0}
    - target: {fileID: 244710449786230560, guid: 212906ebd7e270944a7c6771ad1d8b8a,
        type: 3}
      propertyPath: m_LocalRotation.y
      value: -0
      objectReference: {fileID: 0}
    - target: {fileID: 244710449786230560, guid: 212906ebd7e270944a7c6771ad1d8b8a,
        type: 3}
      propertyPath: m_LocalRotation.z
      value: -0
      objectReference: {fileID: 0}
    - target: {fileID: 244710449786230560, guid: 212906ebd7e270944a7c6771ad1d8b8a,
        type: 3}
      propertyPath: m_LocalRotation.w
      value: 1
      objectReference: {fileID: 0}
    - target: {fileID: 244710449786230560, guid: 212906ebd7e270944a7c6771ad1d8b8a,
        type: 3}
      propertyPath: m_RootOrder
      value: 0
      objectReference: {fileID: 0}
    - target: {fileID: 244710449786230560, guid: 212906ebd7e270944a7c6771ad1d8b8a,
        type: 3}
      propertyPath: m_LocalEulerAnglesHint.x
      value: 0
      objectReference: {fileID: 0}
    - target: {fileID: 244710449786230560, guid: 212906ebd7e270944a7c6771ad1d8b8a,
        type: 3}
      propertyPath: m_LocalEulerAnglesHint.y
      value: 0
      objectReference: {fileID: 0}
    - target: {fileID: 244710449786230560, guid: 212906ebd7e270944a7c6771ad1d8b8a,
        type: 3}
      propertyPath: m_LocalEulerAnglesHint.z
      value: 0
      objectReference: {fileID: 0}
    m_RemovedComponents: []
  m_SourcePrefab: {fileID: 100100000, guid: 212906ebd7e270944a7c6771ad1d8b8a, type: 3}
--- !u!4 &2685209008672558374 stripped
Transform:
  m_CorrespondingSourceObject: {fileID: 244710449786230560, guid: 212906ebd7e270944a7c6771ad1d8b8a,
    type: 3}
  m_PrefabInstance: {fileID: 2749066619074304518}
  m_PrefabAsset: {fileID: 0}
--- !u!1001 &6353450298485754206
PrefabInstance:
  m_ObjectHideFlags: 0
  serializedVersion: 2
  m_Modification:
    m_TransformParent: {fileID: 1127042648975017268}
    m_Modifications:
    - target: {fileID: 6146837532757732209, guid: 03da2270f461cf840918c4f4ae4c6354,
        type: 3}
      propertyPath: m_Name
      value: marketwallA_02
      objectReference: {fileID: 0}
    - target: {fileID: 6146837532758226769, guid: 03da2270f461cf840918c4f4ae4c6354,
        type: 3}
      propertyPath: m_LocalPosition.x
      value: 0
      objectReference: {fileID: 0}
    - target: {fileID: 6146837532758226769, guid: 03da2270f461cf840918c4f4ae4c6354,
        type: 3}
      propertyPath: m_LocalPosition.y
      value: 0
      objectReference: {fileID: 0}
    - target: {fileID: 6146837532758226769, guid: 03da2270f461cf840918c4f4ae4c6354,
        type: 3}
      propertyPath: m_LocalPosition.z
      value: 0
      objectReference: {fileID: 0}
    - target: {fileID: 6146837532758226769, guid: 03da2270f461cf840918c4f4ae4c6354,
        type: 3}
      propertyPath: m_LocalRotation.x
      value: 0
      objectReference: {fileID: 0}
    - target: {fileID: 6146837532758226769, guid: 03da2270f461cf840918c4f4ae4c6354,
        type: 3}
      propertyPath: m_LocalRotation.y
      value: -0.7071068
      objectReference: {fileID: 0}
    - target: {fileID: 6146837532758226769, guid: 03da2270f461cf840918c4f4ae4c6354,
        type: 3}
      propertyPath: m_LocalRotation.z
      value: 0
      objectReference: {fileID: 0}
    - target: {fileID: 6146837532758226769, guid: 03da2270f461cf840918c4f4ae4c6354,
        type: 3}
      propertyPath: m_LocalRotation.w
      value: 0.7071068
      objectReference: {fileID: 0}
    - target: {fileID: 6146837532758226769, guid: 03da2270f461cf840918c4f4ae4c6354,
        type: 3}
      propertyPath: m_RootOrder
      value: 2
      objectReference: {fileID: 0}
    - target: {fileID: 6146837532758226769, guid: 03da2270f461cf840918c4f4ae4c6354,
        type: 3}
      propertyPath: m_LocalEulerAnglesHint.x
      value: 0
      objectReference: {fileID: 0}
    - target: {fileID: 6146837532758226769, guid: 03da2270f461cf840918c4f4ae4c6354,
        type: 3}
      propertyPath: m_LocalEulerAnglesHint.y
      value: -90
      objectReference: {fileID: 0}
    - target: {fileID: 6146837532758226769, guid: 03da2270f461cf840918c4f4ae4c6354,
        type: 3}
      propertyPath: m_LocalEulerAnglesHint.z
      value: 0
      objectReference: {fileID: 0}
    m_RemovedComponents: []
  m_SourcePrefab: {fileID: 100100000, guid: 03da2270f461cf840918c4f4ae4c6354, type: 3}
--- !u!4 &965469380785765903 stripped
Transform:
  m_CorrespondingSourceObject: {fileID: 6146837532758226769, guid: 03da2270f461cf840918c4f4ae4c6354,
    type: 3}
  m_PrefabInstance: {fileID: 6353450298485754206}
  m_PrefabAsset: {fileID: 0}
--- !u!1001 &8637902665069654876
PrefabInstance:
  m_ObjectHideFlags: 0
  serializedVersion: 2
  m_Modification:
    m_TransformParent: {fileID: 1127042648975017268}
    m_Modifications:
    - target: {fileID: 6146837532757732209, guid: 03da2270f461cf840918c4f4ae4c6354,
        type: 3}
      propertyPath: m_Name
      value: marketwallA_02
      objectReference: {fileID: 0}
    - target: {fileID: 6146837532758226769, guid: 03da2270f461cf840918c4f4ae4c6354,
        type: 3}
      propertyPath: m_LocalPosition.x
      value: 0
      objectReference: {fileID: 0}
    - target: {fileID: 6146837532758226769, guid: 03da2270f461cf840918c4f4ae4c6354,
        type: 3}
      propertyPath: m_LocalPosition.y
      value: 0
      objectReference: {fileID: 0}
    - target: {fileID: 6146837532758226769, guid: 03da2270f461cf840918c4f4ae4c6354,
        type: 3}
      propertyPath: m_LocalPosition.z
      value: 0
      objectReference: {fileID: 0}
    - target: {fileID: 6146837532758226769, guid: 03da2270f461cf840918c4f4ae4c6354,
        type: 3}
      propertyPath: m_LocalRotation.x
      value: -0
      objectReference: {fileID: 0}
    - target: {fileID: 6146837532758226769, guid: 03da2270f461cf840918c4f4ae4c6354,
        type: 3}
      propertyPath: m_LocalRotation.y
      value: -0
      objectReference: {fileID: 0}
    - target: {fileID: 6146837532758226769, guid: 03da2270f461cf840918c4f4ae4c6354,
        type: 3}
      propertyPath: m_LocalRotation.z
      value: -0
      objectReference: {fileID: 0}
    - target: {fileID: 6146837532758226769, guid: 03da2270f461cf840918c4f4ae4c6354,
        type: 3}
      propertyPath: m_LocalRotation.w
      value: 1
      objectReference: {fileID: 0}
    - target: {fileID: 6146837532758226769, guid: 03da2270f461cf840918c4f4ae4c6354,
        type: 3}
      propertyPath: m_RootOrder
      value: 1
      objectReference: {fileID: 0}
    - target: {fileID: 6146837532758226769, guid: 03da2270f461cf840918c4f4ae4c6354,
        type: 3}
      propertyPath: m_LocalEulerAnglesHint.x
      value: 0
      objectReference: {fileID: 0}
    - target: {fileID: 6146837532758226769, guid: 03da2270f461cf840918c4f4ae4c6354,
        type: 3}
      propertyPath: m_LocalEulerAnglesHint.y
      value: 0
      objectReference: {fileID: 0}
    - target: {fileID: 6146837532758226769, guid: 03da2270f461cf840918c4f4ae4c6354,
        type: 3}
      propertyPath: m_LocalEulerAnglesHint.z
      value: 0
      objectReference: {fileID: 0}
    m_RemovedComponents: []
  m_SourcePrefab: {fileID: 100100000, guid: 03da2270f461cf840918c4f4ae4c6354, type: 3}
--- !u!4 &2491065219287598093 stripped
Transform:
  m_CorrespondingSourceObject: {fileID: 6146837532758226769, guid: 03da2270f461cf840918c4f4ae4c6354,
    type: 3}
  m_PrefabInstance: {fileID: 8637902665069654876}
  m_PrefabAsset: {fileID: 0}
