%YAML 1.1
%TAG !u! tag:unity3d.com,2011:
--- !u!1 &8982297747019523197
GameObject:
  m_ObjectHideFlags: 0
  m_CorrespondingSourceObject: {fileID: 0}
  m_PrefabInstance: {fileID: 0}
  m_PrefabAsset: {fileID: 0}
  serializedVersion: 6
  m_Component:
  - component: {fileID: 8982297747019523198}
  m_Layer: 0
  m_Name: POI_BullA_05_lit
  m_TagString: Untagged
  m_Icon: {fileID: 0}
  m_NavMeshLayer: 0
  m_StaticEditorFlags: 0
  m_IsActive: 1
--- !u!4 &8982297747019523198
Transform:
  m_ObjectHideFlags: 0
  m_CorrespondingSourceObject: {fileID: 0}
  m_PrefabInstance: {fileID: 0}
  m_PrefabAsset: {fileID: 0}
  m_GameObject: {fileID: 8982297747019523197}
  m_LocalRotation: {x: 0, y: 0, z: 0, w: 1}
  m_LocalPosition: {x: 0, y: 0, z: 0}
  m_LocalScale: {x: 1, y: 1, z: 1}
  m_Children:
  - {fileID: 8294260337207367014}
  - {fileID: 8982297746123403580}
  - {fileID: 7906664538207936741}
  - {fileID: 3746128245466228003}
  - {fileID: 3520996203802310261}
  - {fileID: 3238197145170352239}
  - {fileID: 6452063360370222486}
  m_Father: {fileID: 0}
  m_RootOrder: 0
  m_LocalEulerAnglesHint: {x: 0, y: 0, z: 0}
--- !u!1001 &3238197145170773967
PrefabInstance:
  m_ObjectHideFlags: 0
  serializedVersion: 2
  m_Modification:
    m_TransformParent: {fileID: 8982297747019523198}
    m_Modifications:
    - target: {fileID: 114726, guid: 7a39cf4cc605b5e4eb31c9122bf0a6e7, type: 3}
      propertyPath: m_Name
      value: fe_vil_wagons_brokenwag_wheel02lean
      objectReference: {fileID: 0}
    - target: {fileID: 434080, guid: 7a39cf4cc605b5e4eb31c9122bf0a6e7, type: 3}
      propertyPath: m_LocalPosition.x
      value: 0.457
      objectReference: {fileID: 0}
    - target: {fileID: 434080, guid: 7a39cf4cc605b5e4eb31c9122bf0a6e7, type: 3}
      propertyPath: m_LocalPosition.y
      value: 0
      objectReference: {fileID: 0}
    - target: {fileID: 434080, guid: 7a39cf4cc605b5e4eb31c9122bf0a6e7, type: 3}
      propertyPath: m_LocalPosition.z
      value: -1.658
      objectReference: {fileID: 0}
    - target: {fileID: 434080, guid: 7a39cf4cc605b5e4eb31c9122bf0a6e7, type: 3}
      propertyPath: m_LocalRotation.x
      value: -0
      objectReference: {fileID: 0}
    - target: {fileID: 434080, guid: 7a39cf4cc605b5e4eb31c9122bf0a6e7, type: 3}
      propertyPath: m_LocalRotation.y
      value: 0.27310953
      objectReference: {fileID: 0}
    - target: {fileID: 434080, guid: 7a39cf4cc605b5e4eb31c9122bf0a6e7, type: 3}
      propertyPath: m_LocalRotation.z
      value: -0
      objectReference: {fileID: 0}
    - target: {fileID: 434080, guid: 7a39cf4cc605b5e4eb31c9122bf0a6e7, type: 3}
      propertyPath: m_LocalRotation.w
      value: 0.961983
      objectReference: {fileID: 0}
    - target: {fileID: 434080, guid: 7a39cf4cc605b5e4eb31c9122bf0a6e7, type: 3}
      propertyPath: m_RootOrder
      value: 5
      objectReference: {fileID: 0}
    - target: {fileID: 434080, guid: 7a39cf4cc605b5e4eb31c9122bf0a6e7, type: 3}
      propertyPath: m_LocalEulerAnglesHint.x
      value: 0
      objectReference: {fileID: 0}
    - target: {fileID: 434080, guid: 7a39cf4cc605b5e4eb31c9122bf0a6e7, type: 3}
      propertyPath: m_LocalEulerAnglesHint.y
      value: 31.699001
      objectReference: {fileID: 0}
    - target: {fileID: 434080, guid: 7a39cf4cc605b5e4eb31c9122bf0a6e7, type: 3}
      propertyPath: m_LocalEulerAnglesHint.z
      value: 0
      objectReference: {fileID: 0}
    m_RemovedComponents: []
  m_SourcePrefab: {fileID: 100100000, guid: 7a39cf4cc605b5e4eb31c9122bf0a6e7, type: 3}
--- !u!4 &3238197145170352239 stripped
Transform:
  m_CorrespondingSourceObject: {fileID: 434080, guid: 7a39cf4cc605b5e4eb31c9122bf0a6e7,
    type: 3}
  m_PrefabInstance: {fileID: 3238197145170773967}
  m_PrefabAsset: {fileID: 0}
--- !u!1001 &3520996203802453647
PrefabInstance:
  m_ObjectHideFlags: 0
  serializedVersion: 2
  m_Modification:
    m_TransformParent: {fileID: 8982297747019523198}
    m_Modifications:
    - target: {fileID: 157800, guid: 82cde320f9803e74b8b4c9a224ead821, type: 3}
      propertyPath: m_Name
      value: fe_vil_crate_05d
      objectReference: {fileID: 0}
    - target: {fileID: 413946, guid: 82cde320f9803e74b8b4c9a224ead821, type: 3}
      propertyPath: m_LocalPosition.x
      value: 0.24
      objectReference: {fileID: 0}
    - target: {fileID: 413946, guid: 82cde320f9803e74b8b4c9a224ead821, type: 3}
      propertyPath: m_LocalPosition.y
      value: 0
      objectReference: {fileID: 0}
    - target: {fileID: 413946, guid: 82cde320f9803e74b8b4c9a224ead821, type: 3}
      propertyPath: m_LocalPosition.z
      value: -0.587
      objectReference: {fileID: 0}
    - target: {fileID: 413946, guid: 82cde320f9803e74b8b4c9a224ead821, type: 3}
      propertyPath: m_LocalRotation.x
      value: -0
      objectReference: {fileID: 0}
    - target: {fileID: 413946, guid: 82cde320f9803e74b8b4c9a224ead821, type: 3}
      propertyPath: m_LocalRotation.y
      value: 0.6643804
      objectReference: {fileID: 0}
    - target: {fileID: 413946, guid: 82cde320f9803e74b8b4c9a224ead821, type: 3}
      propertyPath: m_LocalRotation.z
      value: -0
      objectReference: {fileID: 0}
    - target: {fileID: 413946, guid: 82cde320f9803e74b8b4c9a224ead821, type: 3}
      propertyPath: m_LocalRotation.w
      value: 0.7473946
      objectReference: {fileID: 0}
    - target: {fileID: 413946, guid: 82cde320f9803e74b8b4c9a224ead821, type: 3}
      propertyPath: m_RootOrder
      value: 4
      objectReference: {fileID: 0}
    - target: {fileID: 413946, guid: 82cde320f9803e74b8b4c9a224ead821, type: 3}
      propertyPath: m_LocalEulerAnglesHint.x
      value: 0
      objectReference: {fileID: 0}
    - target: {fileID: 413946, guid: 82cde320f9803e74b8b4c9a224ead821, type: 3}
      propertyPath: m_LocalEulerAnglesHint.y
      value: 83.270004
      objectReference: {fileID: 0}
    - target: {fileID: 413946, guid: 82cde320f9803e74b8b4c9a224ead821, type: 3}
      propertyPath: m_LocalEulerAnglesHint.z
      value: 0
      objectReference: {fileID: 0}
    m_RemovedComponents: []
  m_SourcePrefab: {fileID: 100100000, guid: 82cde320f9803e74b8b4c9a224ead821, type: 3}
--- !u!4 &3520996203802310261 stripped
Transform:
  m_CorrespondingSourceObject: {fileID: 413946, guid: 82cde320f9803e74b8b4c9a224ead821,
    type: 3}
  m_PrefabInstance: {fileID: 3520996203802453647}
  m_PrefabAsset: {fileID: 0}
--- !u!1001 &3746128245466388109
PrefabInstance:
  m_ObjectHideFlags: 0
  serializedVersion: 2
  m_Modification:
    m_TransformParent: {fileID: 8982297747019523198}
    m_Modifications:
    - target: {fileID: 114000, guid: 61b2309c6a9086940900bc53bfd82669, type: 3}
      propertyPath: m_Name
      value: fe_vil_barrel_L4b
      objectReference: {fileID: 0}
    - target: {fileID: 439214, guid: 61b2309c6a9086940900bc53bfd82669, type: 3}
      propertyPath: m_LocalPosition.x
      value: 0.318
      objectReference: {fileID: 0}
    - target: {fileID: 439214, guid: 61b2309c6a9086940900bc53bfd82669, type: 3}
      propertyPath: m_LocalPosition.y
      value: 0
      objectReference: {fileID: 0}
    - target: {fileID: 439214, guid: 61b2309c6a9086940900bc53bfd82669, type: 3}
      propertyPath: m_LocalPosition.z
      value: 1.983
      objectReference: {fileID: 0}
    - target: {fileID: 439214, guid: 61b2309c6a9086940900bc53bfd82669, type: 3}
      propertyPath: m_LocalRotation.x
      value: -0
      objectReference: {fileID: 0}
    - target: {fileID: 439214, guid: 61b2309c6a9086940900bc53bfd82669, type: 3}
      propertyPath: m_LocalRotation.y
      value: -0
      objectReference: {fileID: 0}
    - target: {fileID: 439214, guid: 61b2309c6a9086940900bc53bfd82669, type: 3}
      propertyPath: m_LocalRotation.z
      value: -0
      objectReference: {fileID: 0}
    - target: {fileID: 439214, guid: 61b2309c6a9086940900bc53bfd82669, type: 3}
      propertyPath: m_LocalRotation.w
      value: 1
      objectReference: {fileID: 0}
    - target: {fileID: 439214, guid: 61b2309c6a9086940900bc53bfd82669, type: 3}
      propertyPath: m_RootOrder
      value: 3
      objectReference: {fileID: 0}
    - target: {fileID: 439214, guid: 61b2309c6a9086940900bc53bfd82669, type: 3}
      propertyPath: m_LocalEulerAnglesHint.x
      value: 0
      objectReference: {fileID: 0}
    - target: {fileID: 439214, guid: 61b2309c6a9086940900bc53bfd82669, type: 3}
      propertyPath: m_LocalEulerAnglesHint.y
      value: 0
      objectReference: {fileID: 0}
    - target: {fileID: 439214, guid: 61b2309c6a9086940900bc53bfd82669, type: 3}
      propertyPath: m_LocalEulerAnglesHint.z
      value: 0
      objectReference: {fileID: 0}
    m_RemovedComponents: []
  m_SourcePrefab: {fileID: 100100000, guid: 61b2309c6a9086940900bc53bfd82669, type: 3}
--- !u!4 &3746128245466228003 stripped
Transform:
  m_CorrespondingSourceObject: {fileID: 439214, guid: 61b2309c6a9086940900bc53bfd82669,
    type: 3}
  m_PrefabInstance: {fileID: 3746128245466388109}
  m_PrefabAsset: {fileID: 0}
--- !u!1001 &6452063360369835798
PrefabInstance:
  m_ObjectHideFlags: 0
  serializedVersion: 2
  m_Modification:
    m_TransformParent: {fileID: 8982297747019523198}
    m_Modifications:
    - target: {fileID: 100000, guid: 990dfdc0273fc324daa3afc755f28fa1, type: 3}
      propertyPath: m_Name
      value: fi_vil_container_bag01_01
      objectReference: {fileID: 0}
    - target: {fileID: 400000, guid: 990dfdc0273fc324daa3afc755f28fa1, type: 3}
      propertyPath: m_LocalPosition.x
      value: 0.851
      objectReference: {fileID: 0}
    - target: {fileID: 400000, guid: 990dfdc0273fc324daa3afc755f28fa1, type: 3}
      propertyPath: m_LocalPosition.y
      value: 0
      objectReference: {fileID: 0}
    - target: {fileID: 400000, guid: 990dfdc0273fc324daa3afc755f28fa1, type: 3}
      propertyPath: m_LocalPosition.z
      value: 1.675
      objectReference: {fileID: 0}
    - target: {fileID: 400000, guid: 990dfdc0273fc324daa3afc755f28fa1, type: 3}
      propertyPath: m_LocalRotation.x
      value: -0
      objectReference: {fileID: 0}
    - target: {fileID: 400000, guid: 990dfdc0273fc324daa3afc755f28fa1, type: 3}
      propertyPath: m_LocalRotation.y
      value: 0.36037838
      objectReference: {fileID: 0}
    - target: {fileID: 400000, guid: 990dfdc0273fc324daa3afc755f28fa1, type: 3}
      propertyPath: m_LocalRotation.z
      value: -0
      objectReference: {fileID: 0}
    - target: {fileID: 400000, guid: 990dfdc0273fc324daa3afc755f28fa1, type: 3}
      propertyPath: m_LocalRotation.w
      value: 0.93280625
      objectReference: {fileID: 0}
    - target: {fileID: 400000, guid: 990dfdc0273fc324daa3afc755f28fa1, type: 3}
      propertyPath: m_RootOrder
      value: 6
      objectReference: {fileID: 0}
    - target: {fileID: 400000, guid: 990dfdc0273fc324daa3afc755f28fa1, type: 3}
      propertyPath: m_LocalEulerAnglesHint.x
      value: 0
      objectReference: {fileID: 0}
    - target: {fileID: 400000, guid: 990dfdc0273fc324daa3afc755f28fa1, type: 3}
      propertyPath: m_LocalEulerAnglesHint.y
      value: 42.247
      objectReference: {fileID: 0}
    - target: {fileID: 400000, guid: 990dfdc0273fc324daa3afc755f28fa1, type: 3}
      propertyPath: m_LocalEulerAnglesHint.z
      value: 0
      objectReference: {fileID: 0}
    m_RemovedComponents: []
  m_SourcePrefab: {fileID: 100100000, guid: 990dfdc0273fc324daa3afc755f28fa1, type: 3}
--- !u!4 &6452063360370222486 stripped
Transform:
  m_CorrespondingSourceObject: {fileID: 400000, guid: 990dfdc0273fc324daa3afc755f28fa1,
    type: 3}
  m_PrefabInstance: {fileID: 6452063360369835798}
  m_PrefabAsset: {fileID: 0}
--- !u!1001 &7906664538207550053
PrefabInstance:
  m_ObjectHideFlags: 0
  serializedVersion: 2
  m_Modification:
    m_TransformParent: {fileID: 8982297747019523198}
    m_Modifications:
    - target: {fileID: 100000, guid: b05ab35d1643b7c48b80bb09a195975e, type: 3}
      propertyPath: m_Name
      value: fi_vil_container_basket01_closed
      objectReference: {fileID: 0}
    - target: {fileID: 400000, guid: b05ab35d1643b7c48b80bb09a195975e, type: 3}
      propertyPath: m_LocalPosition.x
      value: 0.478
      objectReference: {fileID: 0}
    - target: {fileID: 400000, guid: b05ab35d1643b7c48b80bb09a195975e, type: 3}
      propertyPath: m_LocalPosition.y
      value: 0
      objectReference: {fileID: 0}
    - target: {fileID: 400000, guid: b05ab35d1643b7c48b80bb09a195975e, type: 3}
      propertyPath: m_LocalPosition.z
      value: 1.272
      objectReference: {fileID: 0}
    - target: {fileID: 400000, guid: b05ab35d1643b7c48b80bb09a195975e, type: 3}
      propertyPath: m_LocalRotation.x
      value: -0
      objectReference: {fileID: 0}
    - target: {fileID: 400000, guid: b05ab35d1643b7c48b80bb09a195975e, type: 3}
      propertyPath: m_LocalRotation.y
      value: -0.6320185
      objectReference: {fileID: 0}
    - target: {fileID: 400000, guid: b05ab35d1643b7c48b80bb09a195975e, type: 3}
      propertyPath: m_LocalRotation.z
      value: -0
      objectReference: {fileID: 0}
    - target: {fileID: 400000, guid: b05ab35d1643b7c48b80bb09a195975e, type: 3}
      propertyPath: m_LocalRotation.w
      value: 0.77495337
      objectReference: {fileID: 0}
    - target: {fileID: 400000, guid: b05ab35d1643b7c48b80bb09a195975e, type: 3}
      propertyPath: m_RootOrder
      value: 2
      objectReference: {fileID: 0}
    - target: {fileID: 400000, guid: b05ab35d1643b7c48b80bb09a195975e, type: 3}
      propertyPath: m_LocalEulerAnglesHint.x
      value: 0
      objectReference: {fileID: 0}
    - target: {fileID: 400000, guid: b05ab35d1643b7c48b80bb09a195975e, type: 3}
      propertyPath: m_LocalEulerAnglesHint.y
      value: -78.398
      objectReference: {fileID: 0}
    - target: {fileID: 400000, guid: b05ab35d1643b7c48b80bb09a195975e, type: 3}
      propertyPath: m_LocalEulerAnglesHint.z
      value: 0
      objectReference: {fileID: 0}
    m_RemovedComponents: []
  m_SourcePrefab: {fileID: 100100000, guid: b05ab35d1643b7c48b80bb09a195975e, type: 3}
--- !u!4 &7906664538207936741 stripped
Transform:
  m_CorrespondingSourceObject: {fileID: 400000, guid: b05ab35d1643b7c48b80bb09a195975e,
    type: 3}
  m_PrefabInstance: {fileID: 7906664538207550053}
  m_PrefabAsset: {fileID: 0}
--- !u!1001 &8383670224837265798
PrefabInstance:
  m_ObjectHideFlags: 0
  serializedVersion: 2
  m_Modification:
    m_TransformParent: {fileID: 8294260337207367014}
    m_Modifications:
    - target: {fileID: 3599330213053881681, guid: b7639b53f1b90c84daa644ae0d3fc291,
        type: 3}
      propertyPath: m_LocalPosition.x
      value: 0
      objectReference: {fileID: 0}
    - target: {fileID: 3599330213053881681, guid: b7639b53f1b90c84daa644ae0d3fc291,
        type: 3}
      propertyPath: m_LocalPosition.y
      value: 0
      objectReference: {fileID: 0}
    - target: {fileID: 3599330213053881681, guid: b7639b53f1b90c84daa644ae0d3fc291,
        type: 3}
      propertyPath: m_LocalPosition.z
      value: 0
      objectReference: {fileID: 0}
    - target: {fileID: 3599330213053881681, guid: b7639b53f1b90c84daa644ae0d3fc291,
        type: 3}
      propertyPath: m_LocalRotation.x
      value: -0
      objectReference: {fileID: 0}
    - target: {fileID: 3599330213053881681, guid: b7639b53f1b90c84daa644ae0d3fc291,
        type: 3}
      propertyPath: m_LocalRotation.y
      value: -0
      objectReference: {fileID: 0}
    - target: {fileID: 3599330213053881681, guid: b7639b53f1b90c84daa644ae0d3fc291,
        type: 3}
      propertyPath: m_LocalRotation.z
      value: -0
      objectReference: {fileID: 0}
    - target: {fileID: 3599330213053881681, guid: b7639b53f1b90c84daa644ae0d3fc291,
        type: 3}
      propertyPath: m_LocalRotation.w
      value: 1
      objectReference: {fileID: 0}
    - target: {fileID: 3599330213053881681, guid: b7639b53f1b90c84daa644ae0d3fc291,
        type: 3}
      propertyPath: m_RootOrder
      value: 4
      objectReference: {fileID: 0}
    - target: {fileID: 3599330213053881681, guid: b7639b53f1b90c84daa644ae0d3fc291,
        type: 3}
      propertyPath: m_LocalEulerAnglesHint.x
      value: 0
      objectReference: {fileID: 0}
    - target: {fileID: 3599330213053881681, guid: b7639b53f1b90c84daa644ae0d3fc291,
        type: 3}
      propertyPath: m_LocalEulerAnglesHint.y
      value: 0
      objectReference: {fileID: 0}
    - target: {fileID: 3599330213053881681, guid: b7639b53f1b90c84daa644ae0d3fc291,
        type: 3}
      propertyPath: m_LocalEulerAnglesHint.z
      value: 0
      objectReference: {fileID: 0}
    - target: {fileID: 4912737189173715149, guid: b7639b53f1b90c84daa644ae0d3fc291,
        type: 3}
      propertyPath: m_Name
      value: BilletProp2_02
      objectReference: {fileID: 0}
    m_RemovedComponents: []
  m_SourcePrefab: {fileID: 100100000, guid: b7639b53f1b90c84daa644ae0d3fc291, type: 3}
--- !u!1001 &8982297745629285731
PrefabInstance:
  m_ObjectHideFlags: 0
  serializedVersion: 2
  m_Modification:
    m_TransformParent: {fileID: 8982297747019523198}
    m_Modifications:
    - target: {fileID: 1133967991816181765, guid: 4f7124ae1a8d1d142ba3f218dbbc6e9a,
        type: 3}
      propertyPath: m_LocalPosition.x
      value: 0
      objectReference: {fileID: 0}
    - target: {fileID: 1133967991816181765, guid: 4f7124ae1a8d1d142ba3f218dbbc6e9a,
        type: 3}
      propertyPath: m_LocalPosition.y
      value: 0
      objectReference: {fileID: 0}
    - target: {fileID: 1133967991816181765, guid: 4f7124ae1a8d1d142ba3f218dbbc6e9a,
        type: 3}
      propertyPath: m_LocalPosition.z
      value: 0
      objectReference: {fileID: 0}
    - target: {fileID: 1133967991816181765, guid: 4f7124ae1a8d1d142ba3f218dbbc6e9a,
        type: 3}
      propertyPath: m_LocalRotation.x
      value: -0
      objectReference: {fileID: 0}
    - target: {fileID: 1133967991816181765, guid: 4f7124ae1a8d1d142ba3f218dbbc6e9a,
        type: 3}
      propertyPath: m_LocalRotation.y
      value: -0
      objectReference: {fileID: 0}
    - target: {fileID: 1133967991816181765, guid: 4f7124ae1a8d1d142ba3f218dbbc6e9a,
        type: 3}
      propertyPath: m_LocalRotation.z
      value: -0
      objectReference: {fileID: 0}
    - target: {fileID: 1133967991816181765, guid: 4f7124ae1a8d1d142ba3f218dbbc6e9a,
        type: 3}
      propertyPath: m_LocalRotation.w
      value: 1
      objectReference: {fileID: 0}
    - target: {fileID: 1133967991816181765, guid: 4f7124ae1a8d1d142ba3f218dbbc6e9a,
        type: 3}
      propertyPath: m_RootOrder
      value: 0
      objectReference: {fileID: 0}
    - target: {fileID: 1133967991816181765, guid: 4f7124ae1a8d1d142ba3f218dbbc6e9a,
        type: 3}
      propertyPath: m_LocalEulerAnglesHint.x
      value: 0
      objectReference: {fileID: 0}
    - target: {fileID: 1133967991816181765, guid: 4f7124ae1a8d1d142ba3f218dbbc6e9a,
        type: 3}
      propertyPath: m_LocalEulerAnglesHint.y
      value: 0
      objectReference: {fileID: 0}
    - target: {fileID: 1133967991816181765, guid: 4f7124ae1a8d1d142ba3f218dbbc6e9a,
        type: 3}
      propertyPath: m_LocalEulerAnglesHint.z
      value: 0
      objectReference: {fileID: 0}
    - target: {fileID: 5350633521251391128, guid: 4f7124ae1a8d1d142ba3f218dbbc6e9a,
        type: 3}
      propertyPath: m_Name
      value: BulletingA_03C
      objectReference: {fileID: 0}
    - target: {fileID: 5350633521251391128, guid: 4f7124ae1a8d1d142ba3f218dbbc6e9a,
        type: 3}
      propertyPath: m_IsActive
      value: 1
      objectReference: {fileID: 0}
    m_RemovedComponents: []
  m_SourcePrefab: {fileID: 100100000, guid: 4f7124ae1a8d1d142ba3f218dbbc6e9a, type: 3}
--- !u!4 &8294260337207367014 stripped
Transform:
  m_CorrespondingSourceObject: {fileID: 1133967991816181765, guid: 4f7124ae1a8d1d142ba3f218dbbc6e9a,
    type: 3}
  m_PrefabInstance: {fileID: 8982297745629285731}
  m_PrefabAsset: {fileID: 0}
--- !u!1001 &8982297746123533244
PrefabInstance:
  m_ObjectHideFlags: 0
  serializedVersion: 2
  m_Modification:
    m_TransformParent: {fileID: 8982297747019523198}
    m_Modifications:
    - target: {fileID: 100000, guid: 4b324a48c72fdfc4e840f2efcd7a238b, type: 3}
      propertyPath: m_Name
      value: fi_vil_combs_props_candle_black_single01
      objectReference: {fileID: 0}
    - target: {fileID: 100000, guid: 4b324a48c72fdfc4e840f2efcd7a238b, type: 3}
      propertyPath: m_IsActive
      value: 1
      objectReference: {fileID: 0}
    - target: {fileID: 400000, guid: 4b324a48c72fdfc4e840f2efcd7a238b, type: 3}
      propertyPath: m_LocalPosition.x
      value: 0.208
      objectReference: {fileID: 0}
    - target: {fileID: 400000, guid: 4b324a48c72fdfc4e840f2efcd7a238b, type: 3}
      propertyPath: m_LocalPosition.y
      value: 1.4
      objectReference: {fileID: 0}
    - target: {fileID: 400000, guid: 4b324a48c72fdfc4e840f2efcd7a238b, type: 3}
      propertyPath: m_LocalPosition.z
      value: -0.596
      objectReference: {fileID: 0}
    - target: {fileID: 400000, guid: 4b324a48c72fdfc4e840f2efcd7a238b, type: 3}
      propertyPath: m_LocalRotation.x
      value: -0
      objectReference: {fileID: 0}
    - target: {fileID: 400000, guid: 4b324a48c72fdfc4e840f2efcd7a238b, type: 3}
      propertyPath: m_LocalRotation.y
      value: -0
      objectReference: {fileID: 0}
    - target: {fileID: 400000, guid: 4b324a48c72fdfc4e840f2efcd7a238b, type: 3}
      propertyPath: m_LocalRotation.z
      value: -0
      objectReference: {fileID: 0}
    - target: {fileID: 400000, guid: 4b324a48c72fdfc4e840f2efcd7a238b, type: 3}
      propertyPath: m_LocalRotation.w
      value: 1
      objectReference: {fileID: 0}
    - target: {fileID: 400000, guid: 4b324a48c72fdfc4e840f2efcd7a238b, type: 3}
      propertyPath: m_RootOrder
      value: 1
      objectReference: {fileID: 0}
    - target: {fileID: 400000, guid: 4b324a48c72fdfc4e840f2efcd7a238b, type: 3}
      propertyPath: m_LocalEulerAnglesHint.x
      value: 0
      objectReference: {fileID: 0}
    - target: {fileID: 400000, guid: 4b324a48c72fdfc4e840f2efcd7a238b, type: 3}
      propertyPath: m_LocalEulerAnglesHint.y
      value: 0
      objectReference: {fileID: 0}
    - target: {fileID: 400000, guid: 4b324a48c72fdfc4e840f2efcd7a238b, type: 3}
      propertyPath: m_LocalEulerAnglesHint.z
      value: 0
      objectReference: {fileID: 0}
    m_RemovedComponents: []
  m_SourcePrefab: {fileID: 100100000, guid: 4b324a48c72fdfc4e840f2efcd7a238b, type: 3}
--- !u!4 &8982297746123403580 stripped
Transform:
  m_CorrespondingSourceObject: {fileID: 400000, guid: 4b324a48c72fdfc4e840f2efcd7a238b,
    type: 3}
  m_PrefabInstance: {fileID: 8982297746123533244}
  m_PrefabAsset: {fileID: 0}
