%YAML 1.1
%TAG !u! tag:unity3d.com,2011:
--- !u!1 &1760826211137105739
GameObject:
  m_ObjectHideFlags: 0
  m_CorrespondingSourceObject: {fileID: 0}
  m_PrefabInstance: {fileID: 0}
  m_PrefabAsset: {fileID: 0}
  serializedVersion: 6
  m_Component:
  - component: {fileID: 2703370498037641708}
  m_Layer: 0
  m_Name: POI_BullA_13_lit
  m_TagString: Untagged
  m_Icon: {fileID: 0}
  m_NavMeshLayer: 0
  m_StaticEditorFlags: 0
  m_IsActive: 1
--- !u!4 &2703370498037641708
Transform:
  m_ObjectHideFlags: 0
  m_CorrespondingSourceObject: {fileID: 0}
  m_PrefabInstance: {fileID: 0}
  m_PrefabAsset: {fileID: 0}
  m_GameObject: {fileID: 1760826211137105739}
  m_LocalRotation: {x: 0, y: 0, z: 0, w: 1}
  m_LocalPosition: {x: 0, y: 0, z: 0}
  m_LocalScale: {x: 1, y: 1, z: 1}
  m_Children:
  - {fileID: 5732841751522353678}
  m_Father: {fileID: 0}
  m_RootOrder: 0
  m_LocalEulerAnglesHint: {x: 0, y: 0, z: 0}
--- !u!1001 &393654349719507892
PrefabInstance:
  m_ObjectHideFlags: 0
  serializedVersion: 2
  m_Modification:
    m_TransformParent: {fileID: 5732841751522353678}
    m_Modifications:
    - target: {fileID: 100000, guid: 9b4e7366156066b4ab445189d4507968, type: 3}
      propertyPath: m_Name
      value: fi_vil_combs_props_candle_yellow_single01
      objectReference: {fileID: 0}
    - target: {fileID: 100000, guid: 9b4e7366156066b4ab445189d4507968, type: 3}
      propertyPath: m_IsActive
      value: 1
      objectReference: {fileID: 0}
    - target: {fileID: 400000, guid: 9b4e7366156066b4ab445189d4507968, type: 3}
      propertyPath: m_LocalPosition.x
      value: 0.22491
      objectReference: {fileID: 0}
    - target: {fileID: 400000, guid: 9b4e7366156066b4ab445189d4507968, type: 3}
      propertyPath: m_LocalPosition.y
      value: 0.9001
      objectReference: {fileID: 0}
    - target: {fileID: 400000, guid: 9b4e7366156066b4ab445189d4507968, type: 3}
      propertyPath: m_LocalPosition.z
      value: 0.487
      objectReference: {fileID: 0}
    - target: {fileID: 400000, guid: 9b4e7366156066b4ab445189d4507968, type: 3}
      propertyPath: m_LocalRotation.x
      value: -0
      objectReference: {fileID: 0}
    - target: {fileID: 400000, guid: 9b4e7366156066b4ab445189d4507968, type: 3}
      propertyPath: m_LocalRotation.y
      value: -0
      objectReference: {fileID: 0}
    - target: {fileID: 400000, guid: 9b4e7366156066b4ab445189d4507968, type: 3}
      propertyPath: m_LocalRotation.z
      value: -0
      objectReference: {fileID: 0}
    - target: {fileID: 400000, guid: 9b4e7366156066b4ab445189d4507968, type: 3}
      propertyPath: m_LocalRotation.w
      value: 1
      objectReference: {fileID: 0}
    - target: {fileID: 400000, guid: 9b4e7366156066b4ab445189d4507968, type: 3}
      propertyPath: m_RootOrder
      value: 11
      objectReference: {fileID: 0}
    - target: {fileID: 400000, guid: 9b4e7366156066b4ab445189d4507968, type: 3}
      propertyPath: m_LocalEulerAnglesHint.x
      value: 0
      objectReference: {fileID: 0}
    - target: {fileID: 400000, guid: 9b4e7366156066b4ab445189d4507968, type: 3}
      propertyPath: m_LocalEulerAnglesHint.y
      value: 0
      objectReference: {fileID: 0}
    - target: {fileID: 400000, guid: 9b4e7366156066b4ab445189d4507968, type: 3}
      propertyPath: m_LocalEulerAnglesHint.z
      value: 0
      objectReference: {fileID: 0}
    m_RemovedComponents: []
  m_SourcePrefab: {fileID: 100100000, guid: 9b4e7366156066b4ab445189d4507968, type: 3}
--- !u!1001 &504021691624895432
PrefabInstance:
  m_ObjectHideFlags: 0
  serializedVersion: 2
  m_Modification:
    m_TransformParent: {fileID: 2703370498037641708}
    m_Modifications:
    - target: {fileID: 904217522541256539, guid: 8d25c534345d402498819f3cff45e8bd,
        type: 3}
      propertyPath: m_Name
      value: BulletingA_08C
      objectReference: {fileID: 0}
    - target: {fileID: 5292152032749162950, guid: 8d25c534345d402498819f3cff45e8bd,
        type: 3}
      propertyPath: m_LocalPosition.x
      value: 0
      objectReference: {fileID: 0}
    - target: {fileID: 5292152032749162950, guid: 8d25c534345d402498819f3cff45e8bd,
        type: 3}
      propertyPath: m_LocalPosition.y
      value: 0
      objectReference: {fileID: 0}
    - target: {fileID: 5292152032749162950, guid: 8d25c534345d402498819f3cff45e8bd,
        type: 3}
      propertyPath: m_LocalPosition.z
      value: 0
      objectReference: {fileID: 0}
    - target: {fileID: 5292152032749162950, guid: 8d25c534345d402498819f3cff45e8bd,
        type: 3}
      propertyPath: m_LocalRotation.x
      value: -0
      objectReference: {fileID: 0}
    - target: {fileID: 5292152032749162950, guid: 8d25c534345d402498819f3cff45e8bd,
        type: 3}
      propertyPath: m_LocalRotation.y
      value: -0
      objectReference: {fileID: 0}
    - target: {fileID: 5292152032749162950, guid: 8d25c534345d402498819f3cff45e8bd,
        type: 3}
      propertyPath: m_LocalRotation.z
      value: -0
      objectReference: {fileID: 0}
    - target: {fileID: 5292152032749162950, guid: 8d25c534345d402498819f3cff45e8bd,
        type: 3}
      propertyPath: m_LocalRotation.w
      value: 1
      objectReference: {fileID: 0}
    - target: {fileID: 5292152032749162950, guid: 8d25c534345d402498819f3cff45e8bd,
        type: 3}
      propertyPath: m_RootOrder
      value: 0
      objectReference: {fileID: 0}
    - target: {fileID: 5292152032749162950, guid: 8d25c534345d402498819f3cff45e8bd,
        type: 3}
      propertyPath: m_LocalEulerAnglesHint.x
      value: 0
      objectReference: {fileID: 0}
    - target: {fileID: 5292152032749162950, guid: 8d25c534345d402498819f3cff45e8bd,
        type: 3}
      propertyPath: m_LocalEulerAnglesHint.y
      value: 0
      objectReference: {fileID: 0}
    - target: {fileID: 5292152032749162950, guid: 8d25c534345d402498819f3cff45e8bd,
        type: 3}
      propertyPath: m_LocalEulerAnglesHint.z
      value: 0
      objectReference: {fileID: 0}
    m_RemovedComponents: []
  m_SourcePrefab: {fileID: 100100000, guid: 8d25c534345d402498819f3cff45e8bd, type: 3}
--- !u!4 &5732841751522353678 stripped
Transform:
  m_CorrespondingSourceObject: {fileID: 5292152032749162950, guid: 8d25c534345d402498819f3cff45e8bd,
    type: 3}
  m_PrefabInstance: {fileID: 504021691624895432}
  m_PrefabAsset: {fileID: 0}
--- !u!1001 &893234598208390716
PrefabInstance:
  m_ObjectHideFlags: 0
  serializedVersion: 2
  m_Modification:
    m_TransformParent: {fileID: 5732841751522353678}
    m_Modifications:
    - target: {fileID: 123448, guid: f04b238c524220d4bb41871a85382376, type: 3}
      propertyPath: m_Name
      value: fe_vil_crate_08d
      objectReference: {fileID: 0}
    - target: {fileID: 489202, guid: f04b238c524220d4bb41871a85382376, type: 3}
      propertyPath: m_LocalPosition.x
      value: 0.183
      objectReference: {fileID: 0}
    - target: {fileID: 489202, guid: f04b238c524220d4bb41871a85382376, type: 3}
      propertyPath: m_LocalPosition.y
      value: 0
      objectReference: {fileID: 0}
    - target: {fileID: 489202, guid: f04b238c524220d4bb41871a85382376, type: 3}
      propertyPath: m_LocalPosition.z
      value: -0.634
      objectReference: {fileID: 0}
    - target: {fileID: 489202, guid: f04b238c524220d4bb41871a85382376, type: 3}
      propertyPath: m_LocalRotation.x
      value: -0
      objectReference: {fileID: 0}
    - target: {fileID: 489202, guid: f04b238c524220d4bb41871a85382376, type: 3}
      propertyPath: m_LocalRotation.y
      value: -0.6819513
      objectReference: {fileID: 0}
    - target: {fileID: 489202, guid: f04b238c524220d4bb41871a85382376, type: 3}
      propertyPath: m_LocalRotation.z
      value: -0
      objectReference: {fileID: 0}
    - target: {fileID: 489202, guid: f04b238c524220d4bb41871a85382376, type: 3}
      propertyPath: m_LocalRotation.w
      value: 0.7313976
      objectReference: {fileID: 0}
    - target: {fileID: 489202, guid: f04b238c524220d4bb41871a85382376, type: 3}
      propertyPath: m_RootOrder
      value: 7
      objectReference: {fileID: 0}
    - target: {fileID: 489202, guid: f04b238c524220d4bb41871a85382376, type: 3}
      propertyPath: m_LocalEulerAnglesHint.x
      value: 0
      objectReference: {fileID: 0}
    - target: {fileID: 489202, guid: f04b238c524220d4bb41871a85382376, type: 3}
      propertyPath: m_LocalEulerAnglesHint.y
      value: -85.993004
      objectReference: {fileID: 0}
    - target: {fileID: 489202, guid: f04b238c524220d4bb41871a85382376, type: 3}
      propertyPath: m_LocalEulerAnglesHint.z
      value: 0
      objectReference: {fileID: 0}
    m_RemovedComponents: []
  m_SourcePrefab: {fileID: 100100000, guid: f04b238c524220d4bb41871a85382376, type: 3}
--- !u!1001 &2647149015764501036
PrefabInstance:
  m_ObjectHideFlags: 0
  serializedVersion: 2
  m_Modification:
    m_TransformParent: {fileID: 5732841751522353678}
    m_Modifications:
    - target: {fileID: 1217159803645107844, guid: 4d7180859bd36b147bace192afaf52eb,
        type: 3}
      propertyPath: m_LocalPosition.x
      value: 0
      objectReference: {fileID: 0}
    - target: {fileID: 1217159803645107844, guid: 4d7180859bd36b147bace192afaf52eb,
        type: 3}
      propertyPath: m_LocalPosition.y
      value: 0
      objectReference: {fileID: 0}
    - target: {fileID: 1217159803645107844, guid: 4d7180859bd36b147bace192afaf52eb,
        type: 3}
      propertyPath: m_LocalPosition.z
      value: 0
      objectReference: {fileID: 0}
    - target: {fileID: 1217159803645107844, guid: 4d7180859bd36b147bace192afaf52eb,
        type: 3}
      propertyPath: m_LocalRotation.x
      value: -0
      objectReference: {fileID: 0}
    - target: {fileID: 1217159803645107844, guid: 4d7180859bd36b147bace192afaf52eb,
        type: 3}
      propertyPath: m_LocalRotation.y
      value: 1
      objectReference: {fileID: 0}
    - target: {fileID: 1217159803645107844, guid: 4d7180859bd36b147bace192afaf52eb,
        type: 3}
      propertyPath: m_LocalRotation.z
      value: -0
      objectReference: {fileID: 0}
    - target: {fileID: 1217159803645107844, guid: 4d7180859bd36b147bace192afaf52eb,
        type: 3}
      propertyPath: m_LocalRotation.w
      value: 0.0000029504295
      objectReference: {fileID: 0}
    - target: {fileID: 1217159803645107844, guid: 4d7180859bd36b147bace192afaf52eb,
        type: 3}
      propertyPath: m_RootOrder
      value: 4
      objectReference: {fileID: 0}
    - target: {fileID: 1217159803645107844, guid: 4d7180859bd36b147bace192afaf52eb,
        type: 3}
      propertyPath: m_LocalEulerAnglesHint.x
      value: 0
      objectReference: {fileID: 0}
    - target: {fileID: 1217159803645107844, guid: 4d7180859bd36b147bace192afaf52eb,
        type: 3}
      propertyPath: m_LocalEulerAnglesHint.y
      value: 180.00002
      objectReference: {fileID: 0}
    - target: {fileID: 1217159803645107844, guid: 4d7180859bd36b147bace192afaf52eb,
        type: 3}
      propertyPath: m_LocalEulerAnglesHint.z
      value: 0
      objectReference: {fileID: 0}
    - target: {fileID: 1217159803645107867, guid: 4d7180859bd36b147bace192afaf52eb,
        type: 3}
      propertyPath: m_Name
      value: BilletProp4_01
      objectReference: {fileID: 0}
    m_RemovedComponents: []
  m_SourcePrefab: {fileID: 100100000, guid: 4d7180859bd36b147bace192afaf52eb, type: 3}
--- !u!1001 &2936665034620994727
PrefabInstance:
  m_ObjectHideFlags: 0
  serializedVersion: 2
  m_Modification:
    m_TransformParent: {fileID: 5732841751522353678}
    m_Modifications:
    - target: {fileID: 240757426203093943, guid: 2e1be83e564778e4e98fbbf09118b14b,
        type: 3}
      propertyPath: m_LocalPosition.y
      value: 1.306
      objectReference: {fileID: 0}
    - target: {fileID: 315212432531938548, guid: 2e1be83e564778e4e98fbbf09118b14b,
        type: 3}
      propertyPath: m_LocalPosition.y
      value: 2.135
      objectReference: {fileID: 0}
    - target: {fileID: 340262535453051296, guid: 2e1be83e564778e4e98fbbf09118b14b,
        type: 3}
      propertyPath: m_LocalPosition.y
      value: 2.254
      objectReference: {fileID: 0}
    - target: {fileID: 764284792022010377, guid: 2e1be83e564778e4e98fbbf09118b14b,
        type: 3}
      propertyPath: m_LocalPosition.y
      value: 2.152
      objectReference: {fileID: 0}
    - target: {fileID: 2685927814553508188, guid: 2e1be83e564778e4e98fbbf09118b14b,
        type: 3}
      propertyPath: m_Name
      value: BilletProp4_02
      objectReference: {fileID: 0}
    - target: {fileID: 5807596977040991424, guid: 2e1be83e564778e4e98fbbf09118b14b,
        type: 3}
      propertyPath: m_LocalPosition.x
      value: 0
      objectReference: {fileID: 0}
    - target: {fileID: 5807596977040991424, guid: 2e1be83e564778e4e98fbbf09118b14b,
        type: 3}
      propertyPath: m_LocalPosition.y
      value: 0
      objectReference: {fileID: 0}
    - target: {fileID: 5807596977040991424, guid: 2e1be83e564778e4e98fbbf09118b14b,
        type: 3}
      propertyPath: m_LocalPosition.z
      value: 0
      objectReference: {fileID: 0}
    - target: {fileID: 5807596977040991424, guid: 2e1be83e564778e4e98fbbf09118b14b,
        type: 3}
      propertyPath: m_LocalRotation.x
      value: -0
      objectReference: {fileID: 0}
    - target: {fileID: 5807596977040991424, guid: 2e1be83e564778e4e98fbbf09118b14b,
        type: 3}
      propertyPath: m_LocalRotation.y
      value: 0.0000059604645
      objectReference: {fileID: 0}
    - target: {fileID: 5807596977040991424, guid: 2e1be83e564778e4e98fbbf09118b14b,
        type: 3}
      propertyPath: m_LocalRotation.z
      value: -0
      objectReference: {fileID: 0}
    - target: {fileID: 5807596977040991424, guid: 2e1be83e564778e4e98fbbf09118b14b,
        type: 3}
      propertyPath: m_LocalRotation.w
      value: -1
      objectReference: {fileID: 0}
    - target: {fileID: 5807596977040991424, guid: 2e1be83e564778e4e98fbbf09118b14b,
        type: 3}
      propertyPath: m_RootOrder
      value: 5
      objectReference: {fileID: 0}
    - target: {fileID: 5807596977040991424, guid: 2e1be83e564778e4e98fbbf09118b14b,
        type: 3}
      propertyPath: m_LocalEulerAnglesHint.x
      value: 0
      objectReference: {fileID: 0}
    - target: {fileID: 5807596977040991424, guid: 2e1be83e564778e4e98fbbf09118b14b,
        type: 3}
      propertyPath: m_LocalEulerAnglesHint.y
      value: 359.999
      objectReference: {fileID: 0}
    - target: {fileID: 5807596977040991424, guid: 2e1be83e564778e4e98fbbf09118b14b,
        type: 3}
      propertyPath: m_LocalEulerAnglesHint.z
      value: 0
      objectReference: {fileID: 0}
    - target: {fileID: 6616294311574369156, guid: 2e1be83e564778e4e98fbbf09118b14b,
        type: 3}
      propertyPath: m_LocalPosition.y
      value: 1.781
      objectReference: {fileID: 0}
    m_RemovedComponents: []
  m_SourcePrefab: {fileID: 100100000, guid: 2e1be83e564778e4e98fbbf09118b14b, type: 3}
--- !u!1001 &5130303358668194392
PrefabInstance:
  m_ObjectHideFlags: 0
  serializedVersion: 2
  m_Modification:
    m_TransformParent: {fileID: 5732841751522353678}
    m_Modifications:
    - target: {fileID: 114000, guid: 61b2309c6a9086940900bc53bfd82669, type: 3}
      propertyPath: m_Name
      value: fe_vil_barrel_L4b
      objectReference: {fileID: 0}
    - target: {fileID: 439214, guid: 61b2309c6a9086940900bc53bfd82669, type: 3}
      propertyPath: m_LocalPosition.x
      value: 0.323
      objectReference: {fileID: 0}
    - target: {fileID: 439214, guid: 61b2309c6a9086940900bc53bfd82669, type: 3}
      propertyPath: m_LocalPosition.y
      value: 0
      objectReference: {fileID: 0}
    - target: {fileID: 439214, guid: 61b2309c6a9086940900bc53bfd82669, type: 3}
      propertyPath: m_LocalPosition.z
      value: -1.954
      objectReference: {fileID: 0}
    - target: {fileID: 439214, guid: 61b2309c6a9086940900bc53bfd82669, type: 3}
      propertyPath: m_LocalRotation.x
      value: -0
      objectReference: {fileID: 0}
    - target: {fileID: 439214, guid: 61b2309c6a9086940900bc53bfd82669, type: 3}
      propertyPath: m_LocalRotation.y
      value: -0
      objectReference: {fileID: 0}
    - target: {fileID: 439214, guid: 61b2309c6a9086940900bc53bfd82669, type: 3}
      propertyPath: m_LocalRotation.z
      value: -0
      objectReference: {fileID: 0}
    - target: {fileID: 439214, guid: 61b2309c6a9086940900bc53bfd82669, type: 3}
      propertyPath: m_LocalRotation.w
      value: 1
      objectReference: {fileID: 0}
    - target: {fileID: 439214, guid: 61b2309c6a9086940900bc53bfd82669, type: 3}
      propertyPath: m_RootOrder
      value: 6
      objectReference: {fileID: 0}
    - target: {fileID: 439214, guid: 61b2309c6a9086940900bc53bfd82669, type: 3}
      propertyPath: m_LocalEulerAnglesHint.x
      value: 0
      objectReference: {fileID: 0}
    - target: {fileID: 439214, guid: 61b2309c6a9086940900bc53bfd82669, type: 3}
      propertyPath: m_LocalEulerAnglesHint.y
      value: 0
      objectReference: {fileID: 0}
    - target: {fileID: 439214, guid: 61b2309c6a9086940900bc53bfd82669, type: 3}
      propertyPath: m_LocalEulerAnglesHint.z
      value: 0
      objectReference: {fileID: 0}
    m_RemovedComponents: []
  m_SourcePrefab: {fileID: 100100000, guid: 61b2309c6a9086940900bc53bfd82669, type: 3}
--- !u!1001 &6039512997170400987
PrefabInstance:
  m_ObjectHideFlags: 0
  serializedVersion: 2
  m_Modification:
    m_TransformParent: {fileID: 5732841751522353678}
    m_Modifications:
    - target: {fileID: 198752, guid: 7823e57245d2ee34d995f8236ebc7c73, type: 3}
      propertyPath: m_Name
      value: fe_vil_barrel_S1a
      objectReference: {fileID: 0}
    - target: {fileID: 466752, guid: 7823e57245d2ee34d995f8236ebc7c73, type: 3}
      propertyPath: m_LocalPosition.x
      value: 0.202
      objectReference: {fileID: 0}
    - target: {fileID: 466752, guid: 7823e57245d2ee34d995f8236ebc7c73, type: 3}
      propertyPath: m_LocalPosition.y
      value: 0
      objectReference: {fileID: 0}
    - target: {fileID: 466752, guid: 7823e57245d2ee34d995f8236ebc7c73, type: 3}
      propertyPath: m_LocalPosition.z
      value: 0.868
      objectReference: {fileID: 0}
    - target: {fileID: 466752, guid: 7823e57245d2ee34d995f8236ebc7c73, type: 3}
      propertyPath: m_LocalRotation.x
      value: -0
      objectReference: {fileID: 0}
    - target: {fileID: 466752, guid: 7823e57245d2ee34d995f8236ebc7c73, type: 3}
      propertyPath: m_LocalRotation.y
      value: -0
      objectReference: {fileID: 0}
    - target: {fileID: 466752, guid: 7823e57245d2ee34d995f8236ebc7c73, type: 3}
      propertyPath: m_LocalRotation.z
      value: -0
      objectReference: {fileID: 0}
    - target: {fileID: 466752, guid: 7823e57245d2ee34d995f8236ebc7c73, type: 3}
      propertyPath: m_LocalRotation.w
      value: 1
      objectReference: {fileID: 0}
    - target: {fileID: 466752, guid: 7823e57245d2ee34d995f8236ebc7c73, type: 3}
      propertyPath: m_RootOrder
      value: 9
      objectReference: {fileID: 0}
    - target: {fileID: 466752, guid: 7823e57245d2ee34d995f8236ebc7c73, type: 3}
      propertyPath: m_LocalEulerAnglesHint.x
      value: 0
      objectReference: {fileID: 0}
    - target: {fileID: 466752, guid: 7823e57245d2ee34d995f8236ebc7c73, type: 3}
      propertyPath: m_LocalEulerAnglesHint.y
      value: 0
      objectReference: {fileID: 0}
    - target: {fileID: 466752, guid: 7823e57245d2ee34d995f8236ebc7c73, type: 3}
      propertyPath: m_LocalEulerAnglesHint.z
      value: 0
      objectReference: {fileID: 0}
    m_RemovedComponents: []
  m_SourcePrefab: {fileID: 100100000, guid: 7823e57245d2ee34d995f8236ebc7c73, type: 3}
--- !u!1001 &6799761855967569410
PrefabInstance:
  m_ObjectHideFlags: 0
  serializedVersion: 2
  m_Modification:
    m_TransformParent: {fileID: 5732841751522353678}
    m_Modifications:
    - target: {fileID: 100000, guid: 990dfdc0273fc324daa3afc755f28fa1, type: 3}
      propertyPath: m_Name
      value: fi_vil_container_bag01_01
      objectReference: {fileID: 0}
    - target: {fileID: 400000, guid: 990dfdc0273fc324daa3afc755f28fa1, type: 3}
      propertyPath: m_LocalPosition.x
      value: 0.194
      objectReference: {fileID: 0}
    - target: {fileID: 400000, guid: 990dfdc0273fc324daa3afc755f28fa1, type: 3}
      propertyPath: m_LocalPosition.y
      value: 0.27156
      objectReference: {fileID: 0}
    - target: {fileID: 400000, guid: 990dfdc0273fc324daa3afc755f28fa1, type: 3}
      propertyPath: m_LocalPosition.z
      value: -0.766
      objectReference: {fileID: 0}
    - target: {fileID: 400000, guid: 990dfdc0273fc324daa3afc755f28fa1, type: 3}
      propertyPath: m_LocalRotation.x
      value: -0
      objectReference: {fileID: 0}
    - target: {fileID: 400000, guid: 990dfdc0273fc324daa3afc755f28fa1, type: 3}
      propertyPath: m_LocalRotation.y
      value: 0.47769237
      objectReference: {fileID: 0}
    - target: {fileID: 400000, guid: 990dfdc0273fc324daa3afc755f28fa1, type: 3}
      propertyPath: m_LocalRotation.z
      value: -0
      objectReference: {fileID: 0}
    - target: {fileID: 400000, guid: 990dfdc0273fc324daa3afc755f28fa1, type: 3}
      propertyPath: m_LocalRotation.w
      value: 0.8785272
      objectReference: {fileID: 0}
    - target: {fileID: 400000, guid: 990dfdc0273fc324daa3afc755f28fa1, type: 3}
      propertyPath: m_RootOrder
      value: 10
      objectReference: {fileID: 0}
    - target: {fileID: 400000, guid: 990dfdc0273fc324daa3afc755f28fa1, type: 3}
      propertyPath: m_LocalEulerAnglesHint.x
      value: 0
      objectReference: {fileID: 0}
    - target: {fileID: 400000, guid: 990dfdc0273fc324daa3afc755f28fa1, type: 3}
      propertyPath: m_LocalEulerAnglesHint.y
      value: 57.070004
      objectReference: {fileID: 0}
    - target: {fileID: 400000, guid: 990dfdc0273fc324daa3afc755f28fa1, type: 3}
      propertyPath: m_LocalEulerAnglesHint.z
      value: 0
      objectReference: {fileID: 0}
    m_RemovedComponents: []
  m_SourcePrefab: {fileID: 100100000, guid: 990dfdc0273fc324daa3afc755f28fa1, type: 3}
--- !u!1001 &7457571857420176779
PrefabInstance:
  m_ObjectHideFlags: 0
  serializedVersion: 2
  m_Modification:
    m_TransformParent: {fileID: 5732841751522353678}
    m_Modifications:
    - target: {fileID: 100000, guid: 60ef6eb4b88ce2c41b88b7b31cb351e9, type: 3}
      propertyPath: m_Name
      value: fi_vil_container_sack02x2
      objectReference: {fileID: 0}
    - target: {fileID: 400000, guid: 60ef6eb4b88ce2c41b88b7b31cb351e9, type: 3}
      propertyPath: m_LocalPosition.x
      value: 0.381
      objectReference: {fileID: 0}
    - target: {fileID: 400000, guid: 60ef6eb4b88ce2c41b88b7b31cb351e9, type: 3}
      propertyPath: m_LocalPosition.y
      value: 0
      objectReference: {fileID: 0}
    - target: {fileID: 400000, guid: 60ef6eb4b88ce2c41b88b7b31cb351e9, type: 3}
      propertyPath: m_LocalPosition.z
      value: 0.201
      objectReference: {fileID: 0}
    - target: {fileID: 400000, guid: 60ef6eb4b88ce2c41b88b7b31cb351e9, type: 3}
      propertyPath: m_LocalRotation.x
      value: -0
      objectReference: {fileID: 0}
    - target: {fileID: 400000, guid: 60ef6eb4b88ce2c41b88b7b31cb351e9, type: 3}
      propertyPath: m_LocalRotation.y
      value: 0.123399034
      objectReference: {fileID: 0}
    - target: {fileID: 400000, guid: 60ef6eb4b88ce2c41b88b7b31cb351e9, type: 3}
      propertyPath: m_LocalRotation.z
      value: -0
      objectReference: {fileID: 0}
    - target: {fileID: 400000, guid: 60ef6eb4b88ce2c41b88b7b31cb351e9, type: 3}
      propertyPath: m_LocalRotation.w
      value: 0.99235713
      objectReference: {fileID: 0}
    - target: {fileID: 400000, guid: 60ef6eb4b88ce2c41b88b7b31cb351e9, type: 3}
      propertyPath: m_RootOrder
      value: 8
      objectReference: {fileID: 0}
    - target: {fileID: 400000, guid: 60ef6eb4b88ce2c41b88b7b31cb351e9, type: 3}
      propertyPath: m_LocalEulerAnglesHint.x
      value: 0
      objectReference: {fileID: 0}
    - target: {fileID: 400000, guid: 60ef6eb4b88ce2c41b88b7b31cb351e9, type: 3}
      propertyPath: m_LocalEulerAnglesHint.y
      value: 14.177001
      objectReference: {fileID: 0}
    - target: {fileID: 400000, guid: 60ef6eb4b88ce2c41b88b7b31cb351e9, type: 3}
      propertyPath: m_LocalEulerAnglesHint.z
      value: 0
      objectReference: {fileID: 0}
    m_RemovedComponents: []
  m_SourcePrefab: {fileID: 100100000, guid: 60ef6eb4b88ce2c41b88b7b31cb351e9, type: 3}
