%YAML 1.1
%TAG !u! tag:unity3d.com,2011:
--- !u!1 &602634574863607068
GameObject:
  m_ObjectHideFlags: 0
  m_CorrespondingSourceObject: {fileID: 0}
  m_PrefabInstance: {fileID: 0}
  m_PrefabAsset: {fileID: 0}
  serializedVersion: 6
  m_Component:
  - component: {fileID: 602634574863448380}
  - component: {fileID: 602634574864775452}
  - component: {fileID: 602634574865873884}
  - component: {fileID: 602634574869892028}
  m_Layer: 0
  m_Name: fi_vil_combs_step_03_collider
  m_TagString: Untagged
  m_Icon: {fileID: 0}
  m_NavMeshLayer: 0
  m_StaticEditorFlags: 0
  m_IsActive: 1
--- !u!4 &602634574863448380
Transform:
  m_ObjectHideFlags: 0
  m_CorrespondingSourceObject: {fileID: 0}
  m_PrefabInstance: {fileID: 0}
  m_PrefabAsset: {fileID: 0}
  m_GameObject: {fileID: 602634574863607068}
  m_LocalRotation: {x: 0, y: 0, z: 0, w: 1}
  m_LocalPosition: {x: 0, y: 0, z: 0}
  m_LocalScale: {x: 1, y: 1, z: 1}
  m_Children: []
  m_Father: {fileID: 602634574863448382}
  m_RootOrder: 0
  m_LocalEulerAnglesHint: {x: 0, y: 0, z: 0}
--- !u!33 &602634574864775452
MeshFilter:
  m_ObjectHideFlags: 0
  m_CorrespondingSourceObject: {fileID: 0}
  m_PrefabInstance: {fileID: 0}
  m_PrefabAsset: {fileID: 0}
  m_GameObject: {fileID: 602634574863607068}
  m_Mesh: {fileID: 4300000, guid: 0fd7f58baa323e44399fe58d0a231d53, type: 3}
--- !u!23 &602634574865873884
MeshRenderer:
  m_ObjectHideFlags: 0
  m_CorrespondingSourceObject: {fileID: 0}
  m_PrefabInstance: {fileID: 0}
  m_PrefabAsset: {fileID: 0}
  m_GameObject: {fileID: 602634574863607068}
  m_Enabled: 1
  m_CastShadows: 1
  m_ReceiveShadows: 1
  m_DynamicOccludee: 1
  m_MotionVectors: 1
  m_LightProbeUsage: 0
  m_ReflectionProbeUsage: 1
  m_RenderingLayerMask: 1
  m_RendererPriority: 0
  m_Materials:
  - {fileID: 2100000, guid: e8b28ac9383fdc247bb4230bdb484b0e, type: 2}
  m_StaticBatchInfo:
    firstSubMesh: 0
    subMeshCount: 0
  m_StaticBatchRoot: {fileID: 0}
  m_ProbeAnchor: {fileID: 0}
  m_LightProbeVolumeOverride: {fileID: 0}
  m_ScaleInLightmap: 1
  m_PreserveUVs: 0
  m_IgnoreNormalsForChartDetection: 0
  m_ImportantGI: 0
  m_StitchLightmapSeams: 0
  m_SelectedEditorRenderState: 3
  m_MinimumChartSize: 4
  m_AutoUVMaxDistance: 0.5
  m_AutoUVMaxAngle: 89
  m_LightmapParameters: {fileID: 0}
  m_SortingLayerID: 0
  m_SortingLayer: 0
  m_SortingOrder: 0
--- !u!64 &602634574869892028
MeshCollider:
  m_ObjectHideFlags: 0
  m_CorrespondingSourceObject: {fileID: 0}
  m_PrefabInstance: {fileID: 0}
  m_PrefabAsset: {fileID: 0}
  m_GameObject: {fileID: 602634574863607068}
  m_Material: {fileID: 0}
  m_IsTrigger: 0
  m_Enabled: 1
  serializedVersion: 3
  m_Convex: 0
  m_CookingOptions: 14
  m_Mesh: {fileID: 4300000, guid: 0fd7f58baa323e44399fe58d0a231d53, type: 3}
--- !u!1 &602634574863607070
GameObject:
  m_ObjectHideFlags: 0
  m_CorrespondingSourceObject: {fileID: 0}
  m_PrefabInstance: {fileID: 0}
  m_PrefabAsset: {fileID: 0}
  serializedVersion: 6
  m_Component:
  - component: {fileID: 602634574863448382}
  - component: {fileID: 602634574864775454}
  - component: {fileID: 602634574865873886}
  m_Layer: 0
  m_Name: fi_vil_combs_step_03
  m_TagString: Untagged
  m_Icon: {fileID: 0}
  m_NavMeshLayer: 0
  m_StaticEditorFlags: 0
  m_IsActive: 1
--- !u!4 &602634574863448382
Transform:
  m_ObjectHideFlags: 0
  m_CorrespondingSourceObject: {fileID: 0}
  m_PrefabInstance: {fileID: 0}
  m_PrefabAsset: {fileID: 0}
  m_GameObject: {fileID: 602634574863607070}
  m_LocalRotation: {x: -0, y: -0, z: -0, w: 1}
  m_LocalPosition: {x: 0, y: -0.375, z: 0}
  m_LocalScale: {x: 1, y: 1, z: 1}
  m_Children:
  - {fileID: 602634574863448380}
  - {fileID: 602634574093475056}
  - {fileID: 602634573719016973}
  m_Father: {fileID: 5545975486089437129}
  m_RootOrder: 5
  m_LocalEulerAnglesHint: {x: 0, y: 0, z: 0}
--- !u!33 &602634574864775454
MeshFilter:
  m_ObjectHideFlags: 0
  m_CorrespondingSourceObject: {fileID: 0}
  m_PrefabInstance: {fileID: 0}
  m_PrefabAsset: {fileID: 0}
  m_GameObject: {fileID: 602634574863607070}
  m_Mesh: {fileID: 4300000, guid: acb59b6098b12ce4c8072f6a7801dd4f, type: 3}
--- !u!23 &602634574865873886
MeshRenderer:
  m_ObjectHideFlags: 0
  m_CorrespondingSourceObject: {fileID: 0}
  m_PrefabInstance: {fileID: 0}
  m_PrefabAsset: {fileID: 0}
  m_GameObject: {fileID: 602634574863607070}
  m_Enabled: 1
  m_CastShadows: 1
  m_ReceiveShadows: 1
  m_DynamicOccludee: 1
  m_MotionVectors: 1
  m_LightProbeUsage: 0
  m_ReflectionProbeUsage: 1
  m_RenderingLayerMask: 1
  m_RendererPriority: 0
  m_Materials:
  - {fileID: 2100000, guid: a2137ef441c26f442aea831a3df2e389, type: 2}
  m_StaticBatchInfo:
    firstSubMesh: 0
    subMeshCount: 0
  m_StaticBatchRoot: {fileID: 0}
  m_ProbeAnchor: {fileID: 0}
  m_LightProbeVolumeOverride: {fileID: 0}
  m_ScaleInLightmap: 1
  m_PreserveUVs: 0
  m_IgnoreNormalsForChartDetection: 0
  m_ImportantGI: 0
  m_StitchLightmapSeams: 0
  m_SelectedEditorRenderState: 3
  m_MinimumChartSize: 4
  m_AutoUVMaxDistance: 0.5
  m_AutoUVMaxAngle: 89
  m_LightmapParameters: {fileID: 0}
  m_SortingLayerID: 0
  m_SortingLayer: 0
  m_SortingOrder: 0
--- !u!1 &5545975486089437142
GameObject:
  m_ObjectHideFlags: 0
  m_CorrespondingSourceObject: {fileID: 0}
  m_PrefabInstance: {fileID: 0}
  m_PrefabAsset: {fileID: 0}
  serializedVersion: 6
  m_Component:
  - component: {fileID: 5545975486089437129}
  m_Layer: 0
  m_Name: POI_BullA_06b_lit
  m_TagString: Untagged
  m_Icon: {fileID: 0}
  m_NavMeshLayer: 0
  m_StaticEditorFlags: 0
  m_IsActive: 1
--- !u!4 &5545975486089437129
Transform:
  m_ObjectHideFlags: 0
  m_CorrespondingSourceObject: {fileID: 0}
  m_PrefabInstance: {fileID: 0}
  m_PrefabAsset: {fileID: 0}
  m_GameObject: {fileID: 5545975486089437142}
  m_LocalRotation: {x: 0, y: 0, z: 0, w: 1}
  m_LocalPosition: {x: 0, y: 0.375, z: 0}
  m_LocalScale: {x: 1, y: 1, z: 1}
  m_Children:
  - {fileID: 2541496120088179736}
  - {fileID: 5545975487539904080}
  - {fileID: 5545975486715608805}
  - {fileID: 5545975487191502909}
  - {fileID: 5545975487236458638}
  - {fileID: 602634574863448382}
  - {fileID: 6110384287764702469}
  m_Father: {fileID: 0}
  m_RootOrder: 0
  m_LocalEulerAnglesHint: {x: 0, y: 0, z: 0}
--- !u!1001 &602634573718883461
PrefabInstance:
  m_ObjectHideFlags: 0
  serializedVersion: 2
  m_Modification:
    m_TransformParent: {fileID: 602634574863448382}
    m_Modifications:
    - target: {fileID: 100008, guid: 26b2ac61f02d21d4b8e04e16b1d57a69, type: 3}
      propertyPath: m_Name
      value: fi_vil_brazier_small01_lit
      objectReference: {fileID: 0}
    - target: {fileID: 100008, guid: 26b2ac61f02d21d4b8e04e16b1d57a69, type: 3}
      propertyPath: m_IsActive
      value: 1
      objectReference: {fileID: 0}
    - target: {fileID: 400004, guid: 26b2ac61f02d21d4b8e04e16b1d57a69, type: 3}
      propertyPath: m_LocalPosition.y
      value: 0.193
      objectReference: {fileID: 0}
    - target: {fileID: 400008, guid: 26b2ac61f02d21d4b8e04e16b1d57a69, type: 3}
      propertyPath: m_LocalPosition.x
      value: 0.743
      objectReference: {fileID: 0}
    - target: {fileID: 400008, guid: 26b2ac61f02d21d4b8e04e16b1d57a69, type: 3}
      propertyPath: m_LocalPosition.y
      value: 0.375
      objectReference: {fileID: 0}
    - target: {fileID: 400008, guid: 26b2ac61f02d21d4b8e04e16b1d57a69, type: 3}
      propertyPath: m_LocalPosition.z
      value: -1.944
      objectReference: {fileID: 0}
    - target: {fileID: 400008, guid: 26b2ac61f02d21d4b8e04e16b1d57a69, type: 3}
      propertyPath: m_LocalRotation.x
      value: -0
      objectReference: {fileID: 0}
    - target: {fileID: 400008, guid: 26b2ac61f02d21d4b8e04e16b1d57a69, type: 3}
      propertyPath: m_LocalRotation.y
      value: 0.38268274
      objectReference: {fileID: 0}
    - target: {fileID: 400008, guid: 26b2ac61f02d21d4b8e04e16b1d57a69, type: 3}
      propertyPath: m_LocalRotation.z
      value: -0
      objectReference: {fileID: 0}
    - target: {fileID: 400008, guid: 26b2ac61f02d21d4b8e04e16b1d57a69, type: 3}
      propertyPath: m_LocalRotation.w
      value: 0.9238798
      objectReference: {fileID: 0}
    - target: {fileID: 400008, guid: 26b2ac61f02d21d4b8e04e16b1d57a69, type: 3}
      propertyPath: m_RootOrder
      value: 2
      objectReference: {fileID: 0}
    - target: {fileID: 400008, guid: 26b2ac61f02d21d4b8e04e16b1d57a69, type: 3}
      propertyPath: m_LocalEulerAnglesHint.x
      value: 0
      objectReference: {fileID: 0}
    - target: {fileID: 400008, guid: 26b2ac61f02d21d4b8e04e16b1d57a69, type: 3}
      propertyPath: m_LocalEulerAnglesHint.y
      value: 45.000004
      objectReference: {fileID: 0}
    - target: {fileID: 400008, guid: 26b2ac61f02d21d4b8e04e16b1d57a69, type: 3}
      propertyPath: m_LocalEulerAnglesHint.z
      value: 0
      objectReference: {fileID: 0}
    - target: {fileID: 10800000, guid: 26b2ac61f02d21d4b8e04e16b1d57a69, type: 3}
      propertyPath: m_Shadows.m_NormalBias
      value: 0.08
      objectReference: {fileID: 0}
    - target: {fileID: 10800000, guid: 26b2ac61f02d21d4b8e04e16b1d57a69, type: 3}
      propertyPath: m_Shadows.m_NearPlane
      value: 0.14
      objectReference: {fileID: 0}
    - target: {fileID: 10800000, guid: 26b2ac61f02d21d4b8e04e16b1d57a69, type: 3}
      propertyPath: m_Shadows.m_Bias
      value: 0
      objectReference: {fileID: 0}
    m_RemovedComponents: []
  m_SourcePrefab: {fileID: 100100000, guid: 26b2ac61f02d21d4b8e04e16b1d57a69, type: 3}
--- !u!4 &602634573719016973 stripped
Transform:
  m_CorrespondingSourceObject: {fileID: 400008, guid: 26b2ac61f02d21d4b8e04e16b1d57a69,
    type: 3}
  m_PrefabInstance: {fileID: 602634573718883461}
  m_PrefabAsset: {fileID: 0}
--- !u!1001 &602634574093338232
PrefabInstance:
  m_ObjectHideFlags: 0
  serializedVersion: 2
  m_Modification:
    m_TransformParent: {fileID: 602634574863448382}
    m_Modifications:
    - target: {fileID: 100008, guid: 26b2ac61f02d21d4b8e04e16b1d57a69, type: 3}
      propertyPath: m_Name
      value: fi_vil_brazier_small01_lit
      objectReference: {fileID: 0}
    - target: {fileID: 100008, guid: 26b2ac61f02d21d4b8e04e16b1d57a69, type: 3}
      propertyPath: m_IsActive
      value: 1
      objectReference: {fileID: 0}
    - target: {fileID: 400004, guid: 26b2ac61f02d21d4b8e04e16b1d57a69, type: 3}
      propertyPath: m_LocalPosition.y
      value: 0.193
      objectReference: {fileID: 0}
    - target: {fileID: 400008, guid: 26b2ac61f02d21d4b8e04e16b1d57a69, type: 3}
      propertyPath: m_LocalPosition.x
      value: 0.743
      objectReference: {fileID: 0}
    - target: {fileID: 400008, guid: 26b2ac61f02d21d4b8e04e16b1d57a69, type: 3}
      propertyPath: m_LocalPosition.y
      value: 0.375
      objectReference: {fileID: 0}
    - target: {fileID: 400008, guid: 26b2ac61f02d21d4b8e04e16b1d57a69, type: 3}
      propertyPath: m_LocalPosition.z
      value: 1.978
      objectReference: {fileID: 0}
    - target: {fileID: 400008, guid: 26b2ac61f02d21d4b8e04e16b1d57a69, type: 3}
      propertyPath: m_LocalRotation.x
      value: -0
      objectReference: {fileID: 0}
    - target: {fileID: 400008, guid: 26b2ac61f02d21d4b8e04e16b1d57a69, type: 3}
      propertyPath: m_LocalRotation.y
      value: 0.38268274
      objectReference: {fileID: 0}
    - target: {fileID: 400008, guid: 26b2ac61f02d21d4b8e04e16b1d57a69, type: 3}
      propertyPath: m_LocalRotation.z
      value: -0
      objectReference: {fileID: 0}
    - target: {fileID: 400008, guid: 26b2ac61f02d21d4b8e04e16b1d57a69, type: 3}
      propertyPath: m_LocalRotation.w
      value: 0.9238798
      objectReference: {fileID: 0}
    - target: {fileID: 400008, guid: 26b2ac61f02d21d4b8e04e16b1d57a69, type: 3}
      propertyPath: m_RootOrder
      value: 1
      objectReference: {fileID: 0}
    - target: {fileID: 400008, guid: 26b2ac61f02d21d4b8e04e16b1d57a69, type: 3}
      propertyPath: m_LocalEulerAnglesHint.x
      value: 0
      objectReference: {fileID: 0}
    - target: {fileID: 400008, guid: 26b2ac61f02d21d4b8e04e16b1d57a69, type: 3}
      propertyPath: m_LocalEulerAnglesHint.y
      value: 45.000004
      objectReference: {fileID: 0}
    - target: {fileID: 400008, guid: 26b2ac61f02d21d4b8e04e16b1d57a69, type: 3}
      propertyPath: m_LocalEulerAnglesHint.z
      value: 0
      objectReference: {fileID: 0}
    - target: {fileID: 10800000, guid: 26b2ac61f02d21d4b8e04e16b1d57a69, type: 3}
      propertyPath: m_Shadows.m_NormalBias
      value: 0.08
      objectReference: {fileID: 0}
    - target: {fileID: 10800000, guid: 26b2ac61f02d21d4b8e04e16b1d57a69, type: 3}
      propertyPath: m_Shadows.m_NearPlane
      value: 0.14
      objectReference: {fileID: 0}
    - target: {fileID: 10800000, guid: 26b2ac61f02d21d4b8e04e16b1d57a69, type: 3}
      propertyPath: m_Shadows.m_Bias
      value: 0
      objectReference: {fileID: 0}
    m_RemovedComponents: []
  m_SourcePrefab: {fileID: 100100000, guid: 26b2ac61f02d21d4b8e04e16b1d57a69, type: 3}
--- !u!4 &602634574093475056 stripped
Transform:
  m_CorrespondingSourceObject: {fileID: 400008, guid: 26b2ac61f02d21d4b8e04e16b1d57a69,
    type: 3}
  m_PrefabInstance: {fileID: 602634574093338232}
  m_PrefabAsset: {fileID: 0}
--- !u!1001 &5545975486412381568
PrefabInstance:
  m_ObjectHideFlags: 0
  serializedVersion: 2
  m_Modification:
    m_TransformParent: {fileID: 5545975486089437129}
    m_Modifications:
    - target: {fileID: 3048826054171993861, guid: 35ca0fd125247ac488d6f1a0b13fa3b3,
        type: 3}
      propertyPath: m_Name
      value: BulletingA_04A
      objectReference: {fileID: 0}
    - target: {fileID: 8048625309303564696, guid: 35ca0fd125247ac488d6f1a0b13fa3b3,
        type: 3}
      propertyPath: m_LocalPosition.x
      value: 0
      objectReference: {fileID: 0}
    - target: {fileID: 8048625309303564696, guid: 35ca0fd125247ac488d6f1a0b13fa3b3,
        type: 3}
      propertyPath: m_LocalPosition.y
      value: 0
      objectReference: {fileID: 0}
    - target: {fileID: 8048625309303564696, guid: 35ca0fd125247ac488d6f1a0b13fa3b3,
        type: 3}
      propertyPath: m_LocalPosition.z
      value: 0
      objectReference: {fileID: 0}
    - target: {fileID: 8048625309303564696, guid: 35ca0fd125247ac488d6f1a0b13fa3b3,
        type: 3}
      propertyPath: m_LocalRotation.x
      value: -0
      objectReference: {fileID: 0}
    - target: {fileID: 8048625309303564696, guid: 35ca0fd125247ac488d6f1a0b13fa3b3,
        type: 3}
      propertyPath: m_LocalRotation.y
      value: -0
      objectReference: {fileID: 0}
    - target: {fileID: 8048625309303564696, guid: 35ca0fd125247ac488d6f1a0b13fa3b3,
        type: 3}
      propertyPath: m_LocalRotation.z
      value: -0
      objectReference: {fileID: 0}
    - target: {fileID: 8048625309303564696, guid: 35ca0fd125247ac488d6f1a0b13fa3b3,
        type: 3}
      propertyPath: m_LocalRotation.w
      value: 1
      objectReference: {fileID: 0}
    - target: {fileID: 8048625309303564696, guid: 35ca0fd125247ac488d6f1a0b13fa3b3,
        type: 3}
      propertyPath: m_RootOrder
      value: 0
      objectReference: {fileID: 0}
    - target: {fileID: 8048625309303564696, guid: 35ca0fd125247ac488d6f1a0b13fa3b3,
        type: 3}
      propertyPath: m_LocalEulerAnglesHint.x
      value: 0
      objectReference: {fileID: 0}
    - target: {fileID: 8048625309303564696, guid: 35ca0fd125247ac488d6f1a0b13fa3b3,
        type: 3}
      propertyPath: m_LocalEulerAnglesHint.y
      value: 0
      objectReference: {fileID: 0}
    - target: {fileID: 8048625309303564696, guid: 35ca0fd125247ac488d6f1a0b13fa3b3,
        type: 3}
      propertyPath: m_LocalEulerAnglesHint.z
      value: 0
      objectReference: {fileID: 0}
    m_RemovedComponents: []
  m_SourcePrefab: {fileID: 100100000, guid: 35ca0fd125247ac488d6f1a0b13fa3b3, type: 3}
--- !u!4 &2541496120088179736 stripped
Transform:
  m_CorrespondingSourceObject: {fileID: 8048625309303564696, guid: 35ca0fd125247ac488d6f1a0b13fa3b3,
    type: 3}
  m_PrefabInstance: {fileID: 5545975486412381568}
  m_PrefabAsset: {fileID: 0}
--- !u!1001 &5545975486715525663
PrefabInstance:
  m_ObjectHideFlags: 0
  serializedVersion: 2
  m_Modification:
    m_TransformParent: {fileID: 5545975486089437129}
    m_Modifications:
    - target: {fileID: 165204, guid: 0cdfbdae79e627f4989df2339e429762, type: 3}
      propertyPath: m_Name
      value: fe_vil_crate_05f
      objectReference: {fileID: 0}
    - target: {fileID: 443642, guid: 0cdfbdae79e627f4989df2339e429762, type: 3}
      propertyPath: m_LocalPosition.x
      value: 0
      objectReference: {fileID: 0}
    - target: {fileID: 443642, guid: 0cdfbdae79e627f4989df2339e429762, type: 3}
      propertyPath: m_LocalPosition.y
      value: 0
      objectReference: {fileID: 0}
    - target: {fileID: 443642, guid: 0cdfbdae79e627f4989df2339e429762, type: 3}
      propertyPath: m_LocalPosition.z
      value: -0.731
      objectReference: {fileID: 0}
    - target: {fileID: 443642, guid: 0cdfbdae79e627f4989df2339e429762, type: 3}
      propertyPath: m_LocalRotation.x
      value: -0
      objectReference: {fileID: 0}
    - target: {fileID: 443642, guid: 0cdfbdae79e627f4989df2339e429762, type: 3}
      propertyPath: m_LocalRotation.y
      value: 0.14669988
      objectReference: {fileID: 0}
    - target: {fileID: 443642, guid: 0cdfbdae79e627f4989df2339e429762, type: 3}
      propertyPath: m_LocalRotation.z
      value: -0
      objectReference: {fileID: 0}
    - target: {fileID: 443642, guid: 0cdfbdae79e627f4989df2339e429762, type: 3}
      propertyPath: m_LocalRotation.w
      value: 0.98918104
      objectReference: {fileID: 0}
    - target: {fileID: 443642, guid: 0cdfbdae79e627f4989df2339e429762, type: 3}
      propertyPath: m_RootOrder
      value: 2
      objectReference: {fileID: 0}
    - target: {fileID: 443642, guid: 0cdfbdae79e627f4989df2339e429762, type: 3}
      propertyPath: m_LocalEulerAnglesHint.x
      value: 0
      objectReference: {fileID: 0}
    - target: {fileID: 443642, guid: 0cdfbdae79e627f4989df2339e429762, type: 3}
      propertyPath: m_LocalEulerAnglesHint.y
      value: 16.871
      objectReference: {fileID: 0}
    - target: {fileID: 443642, guid: 0cdfbdae79e627f4989df2339e429762, type: 3}
      propertyPath: m_LocalEulerAnglesHint.z
      value: 0
      objectReference: {fileID: 0}
    m_RemovedComponents: []
  m_SourcePrefab: {fileID: 100100000, guid: 0cdfbdae79e627f4989df2339e429762, type: 3}
--- !u!4 &5545975486715608805 stripped
Transform:
  m_CorrespondingSourceObject: {fileID: 443642, guid: 0cdfbdae79e627f4989df2339e429762,
    type: 3}
  m_PrefabInstance: {fileID: 5545975486715525663}
  m_PrefabAsset: {fileID: 0}
--- !u!1001 &5545975486769887245
PrefabInstance:
  m_ObjectHideFlags: 0
  serializedVersion: 2
  m_Modification:
    m_TransformParent: {fileID: 2541496120088179736}
    m_Modifications:
    - target: {fileID: 3599330213053881681, guid: b7639b53f1b90c84daa644ae0d3fc291,
        type: 3}
      propertyPath: m_LocalPosition.x
      value: 0
      objectReference: {fileID: 0}
    - target: {fileID: 3599330213053881681, guid: b7639b53f1b90c84daa644ae0d3fc291,
        type: 3}
      propertyPath: m_LocalPosition.y
      value: 0
      objectReference: {fileID: 0}
    - target: {fileID: 3599330213053881681, guid: b7639b53f1b90c84daa644ae0d3fc291,
        type: 3}
      propertyPath: m_LocalPosition.z
      value: 0
      objectReference: {fileID: 0}
    - target: {fileID: 3599330213053881681, guid: b7639b53f1b90c84daa644ae0d3fc291,
        type: 3}
      propertyPath: m_LocalRotation.x
      value: -0
      objectReference: {fileID: 0}
    - target: {fileID: 3599330213053881681, guid: b7639b53f1b90c84daa644ae0d3fc291,
        type: 3}
      propertyPath: m_LocalRotation.y
      value: -0
      objectReference: {fileID: 0}
    - target: {fileID: 3599330213053881681, guid: b7639b53f1b90c84daa644ae0d3fc291,
        type: 3}
      propertyPath: m_LocalRotation.z
      value: -0
      objectReference: {fileID: 0}
    - target: {fileID: 3599330213053881681, guid: b7639b53f1b90c84daa644ae0d3fc291,
        type: 3}
      propertyPath: m_LocalRotation.w
      value: 1
      objectReference: {fileID: 0}
    - target: {fileID: 3599330213053881681, guid: b7639b53f1b90c84daa644ae0d3fc291,
        type: 3}
      propertyPath: m_RootOrder
      value: 4
      objectReference: {fileID: 0}
    - target: {fileID: 3599330213053881681, guid: b7639b53f1b90c84daa644ae0d3fc291,
        type: 3}
      propertyPath: m_LocalEulerAnglesHint.x
      value: 0
      objectReference: {fileID: 0}
    - target: {fileID: 3599330213053881681, guid: b7639b53f1b90c84daa644ae0d3fc291,
        type: 3}
      propertyPath: m_LocalEulerAnglesHint.y
      value: 0
      objectReference: {fileID: 0}
    - target: {fileID: 3599330213053881681, guid: b7639b53f1b90c84daa644ae0d3fc291,
        type: 3}
      propertyPath: m_LocalEulerAnglesHint.z
      value: 0
      objectReference: {fileID: 0}
    - target: {fileID: 4912737189173715149, guid: b7639b53f1b90c84daa644ae0d3fc291,
        type: 3}
      propertyPath: m_Name
      value: BilletProp2_02
      objectReference: {fileID: 0}
    m_RemovedComponents: []
  m_SourcePrefab: {fileID: 100100000, guid: b7639b53f1b90c84daa644ae0d3fc291, type: 3}
--- !u!1001 &5545975487118692267
PrefabInstance:
  m_ObjectHideFlags: 0
  serializedVersion: 2
  m_Modification:
    m_TransformParent: {fileID: 2541496120088179736}
    m_Modifications:
    - target: {fileID: 2591049030702737742, guid: 547f921d3383e2e4aa8e77cceb9bdf66,
        type: 3}
      propertyPath: m_LocalPosition.x
      value: 0
      objectReference: {fileID: 0}
    - target: {fileID: 2591049030702737742, guid: 547f921d3383e2e4aa8e77cceb9bdf66,
        type: 3}
      propertyPath: m_LocalPosition.y
      value: 0
      objectReference: {fileID: 0}
    - target: {fileID: 2591049030702737742, guid: 547f921d3383e2e4aa8e77cceb9bdf66,
        type: 3}
      propertyPath: m_LocalPosition.z
      value: 0
      objectReference: {fileID: 0}
    - target: {fileID: 2591049030702737742, guid: 547f921d3383e2e4aa8e77cceb9bdf66,
        type: 3}
      propertyPath: m_LocalRotation.x
      value: -0
      objectReference: {fileID: 0}
    - target: {fileID: 2591049030702737742, guid: 547f921d3383e2e4aa8e77cceb9bdf66,
        type: 3}
      propertyPath: m_LocalRotation.y
      value: 1
      objectReference: {fileID: 0}
    - target: {fileID: 2591049030702737742, guid: 547f921d3383e2e4aa8e77cceb9bdf66,
        type: 3}
      propertyPath: m_LocalRotation.z
      value: -0
      objectReference: {fileID: 0}
    - target: {fileID: 2591049030702737742, guid: 547f921d3383e2e4aa8e77cceb9bdf66,
        type: 3}
      propertyPath: m_LocalRotation.w
      value: 0.0000029504295
      objectReference: {fileID: 0}
    - target: {fileID: 2591049030702737742, guid: 547f921d3383e2e4aa8e77cceb9bdf66,
        type: 3}
      propertyPath: m_RootOrder
      value: 5
      objectReference: {fileID: 0}
    - target: {fileID: 2591049030702737742, guid: 547f921d3383e2e4aa8e77cceb9bdf66,
        type: 3}
      propertyPath: m_LocalEulerAnglesHint.x
      value: 0
      objectReference: {fileID: 0}
    - target: {fileID: 2591049030702737742, guid: 547f921d3383e2e4aa8e77cceb9bdf66,
        type: 3}
      propertyPath: m_LocalEulerAnglesHint.y
      value: 180.00002
      objectReference: {fileID: 0}
    - target: {fileID: 2591049030702737742, guid: 547f921d3383e2e4aa8e77cceb9bdf66,
        type: 3}
      propertyPath: m_LocalEulerAnglesHint.z
      value: 0
      objectReference: {fileID: 0}
    - target: {fileID: 2591049030702737745, guid: 547f921d3383e2e4aa8e77cceb9bdf66,
        type: 3}
      propertyPath: m_Name
      value: BilletProp2_01
      objectReference: {fileID: 0}
    m_RemovedComponents: []
  m_SourcePrefab: {fileID: 100100000, guid: 547f921d3383e2e4aa8e77cceb9bdf66, type: 3}
--- !u!1001 &5545975487191701455
PrefabInstance:
  m_ObjectHideFlags: 0
  serializedVersion: 2
  m_Modification:
    m_TransformParent: {fileID: 5545975486089437129}
    m_Modifications:
    - target: {fileID: 169296, guid: 025ce7a404de6504e90d6a18c3d6859f, type: 3}
      propertyPath: m_Name
      value: fe_vil_crate_06d
      objectReference: {fileID: 0}
    - target: {fileID: 460786, guid: 025ce7a404de6504e90d6a18c3d6859f, type: 3}
      propertyPath: m_LocalPosition.x
      value: -0.056
      objectReference: {fileID: 0}
    - target: {fileID: 460786, guid: 025ce7a404de6504e90d6a18c3d6859f, type: 3}
      propertyPath: m_LocalPosition.y
      value: 0
      objectReference: {fileID: 0}
    - target: {fileID: 460786, guid: 025ce7a404de6504e90d6a18c3d6859f, type: 3}
      propertyPath: m_LocalPosition.z
      value: 1.871
      objectReference: {fileID: 0}
    - target: {fileID: 460786, guid: 025ce7a404de6504e90d6a18c3d6859f, type: 3}
      propertyPath: m_LocalRotation.x
      value: -0
      objectReference: {fileID: 0}
    - target: {fileID: 460786, guid: 025ce7a404de6504e90d6a18c3d6859f, type: 3}
      propertyPath: m_LocalRotation.y
      value: -0.99672854
      objectReference: {fileID: 0}
    - target: {fileID: 460786, guid: 025ce7a404de6504e90d6a18c3d6859f, type: 3}
      propertyPath: m_LocalRotation.z
      value: -0
      objectReference: {fileID: 0}
    - target: {fileID: 460786, guid: 025ce7a404de6504e90d6a18c3d6859f, type: 3}
      propertyPath: m_LocalRotation.w
      value: -0.080822
      objectReference: {fileID: 0}
    - target: {fileID: 460786, guid: 025ce7a404de6504e90d6a18c3d6859f, type: 3}
      propertyPath: m_RootOrder
      value: 3
      objectReference: {fileID: 0}
    - target: {fileID: 460786, guid: 025ce7a404de6504e90d6a18c3d6859f, type: 3}
      propertyPath: m_LocalEulerAnglesHint.x
      value: 0
      objectReference: {fileID: 0}
    - target: {fileID: 460786, guid: 025ce7a404de6504e90d6a18c3d6859f, type: 3}
      propertyPath: m_LocalEulerAnglesHint.y
      value: -189.27199
      objectReference: {fileID: 0}
    - target: {fileID: 460786, guid: 025ce7a404de6504e90d6a18c3d6859f, type: 3}
      propertyPath: m_LocalEulerAnglesHint.z
      value: 0
      objectReference: {fileID: 0}
    m_RemovedComponents: []
  m_SourcePrefab: {fileID: 100100000, guid: 025ce7a404de6504e90d6a18c3d6859f, type: 3}
--- !u!4 &5545975487191502909 stripped
Transform:
  m_CorrespondingSourceObject: {fileID: 460786, guid: 025ce7a404de6504e90d6a18c3d6859f,
    type: 3}
  m_PrefabInstance: {fileID: 5545975487191701455}
  m_PrefabAsset: {fileID: 0}
--- !u!1001 &5545975487236854286
PrefabInstance:
  m_ObjectHideFlags: 0
  serializedVersion: 2
  m_Modification:
    m_TransformParent: {fileID: 5545975486089437129}
    m_Modifications:
    - target: {fileID: 100000, guid: fe81ef2526221f9418b344a6af468b01, type: 3}
      propertyPath: m_Name
      value: fi_vil_container_sack02x4
      objectReference: {fileID: 0}
    - target: {fileID: 400000, guid: fe81ef2526221f9418b344a6af468b01, type: 3}
      propertyPath: m_LocalPosition.x
      value: -0.0024118247
      objectReference: {fileID: 0}
    - target: {fileID: 400000, guid: fe81ef2526221f9418b344a6af468b01, type: 3}
      propertyPath: m_LocalPosition.y
      value: 0
      objectReference: {fileID: 0}
    - target: {fileID: 400000, guid: fe81ef2526221f9418b344a6af468b01, type: 3}
      propertyPath: m_LocalPosition.z
      value: 0.772
      objectReference: {fileID: 0}
    - target: {fileID: 400000, guid: fe81ef2526221f9418b344a6af468b01, type: 3}
      propertyPath: m_LocalRotation.x
      value: 0.004140531
      objectReference: {fileID: 0}
    - target: {fileID: 400000, guid: fe81ef2526221f9418b344a6af468b01, type: 3}
      propertyPath: m_LocalRotation.y
      value: -0.9846597
      objectReference: {fileID: 0}
    - target: {fileID: 400000, guid: fe81ef2526221f9418b344a6af468b01, type: 3}
      propertyPath: m_LocalRotation.z
      value: 0.03955678
      objectReference: {fileID: 0}
    - target: {fileID: 400000, guid: fe81ef2526221f9418b344a6af468b01, type: 3}
      propertyPath: m_LocalRotation.w
      value: 0.1698929
      objectReference: {fileID: 0}
    - target: {fileID: 400000, guid: fe81ef2526221f9418b344a6af468b01, type: 3}
      propertyPath: m_RootOrder
      value: 4
      objectReference: {fileID: 0}
    - target: {fileID: 400000, guid: fe81ef2526221f9418b344a6af468b01, type: 3}
      propertyPath: m_LocalEulerAnglesHint.x
      value: 4.5490003
      objectReference: {fileID: 0}
    - target: {fileID: 400000, guid: fe81ef2526221f9418b344a6af468b01, type: 3}
      propertyPath: m_LocalEulerAnglesHint.y
      value: -160.40901
      objectReference: {fileID: 0}
    - target: {fileID: 400000, guid: fe81ef2526221f9418b344a6af468b01, type: 3}
      propertyPath: m_LocalEulerAnglesHint.z
      value: 0.30400002
      objectReference: {fileID: 0}
    m_RemovedComponents: []
  m_SourcePrefab: {fileID: 100100000, guid: fe81ef2526221f9418b344a6af468b01, type: 3}
--- !u!4 &5545975487236458638 stripped
Transform:
  m_CorrespondingSourceObject: {fileID: 400000, guid: fe81ef2526221f9418b344a6af468b01,
    type: 3}
  m_PrefabInstance: {fileID: 5545975487236854286}
  m_PrefabAsset: {fileID: 0}
--- !u!1001 &5545975487539465726
PrefabInstance:
  m_ObjectHideFlags: 0
  serializedVersion: 2
  m_Modification:
    m_TransformParent: {fileID: 5545975486089437129}
    m_Modifications:
    - target: {fileID: 114000, guid: 61b2309c6a9086940900bc53bfd82669, type: 3}
      propertyPath: m_Name
      value: fe_vil_barrel_L4b
      objectReference: {fileID: 0}
    - target: {fileID: 439214, guid: 61b2309c6a9086940900bc53bfd82669, type: 3}
      propertyPath: m_LocalPosition.x
      value: -0.521
      objectReference: {fileID: 0}
    - target: {fileID: 439214, guid: 61b2309c6a9086940900bc53bfd82669, type: 3}
      propertyPath: m_LocalPosition.y
      value: 0
      objectReference: {fileID: 0}
    - target: {fileID: 439214, guid: 61b2309c6a9086940900bc53bfd82669, type: 3}
      propertyPath: m_LocalPosition.z
      value: -1.795
      objectReference: {fileID: 0}
    - target: {fileID: 439214, guid: 61b2309c6a9086940900bc53bfd82669, type: 3}
      propertyPath: m_LocalRotation.x
      value: -0
      objectReference: {fileID: 0}
    - target: {fileID: 439214, guid: 61b2309c6a9086940900bc53bfd82669, type: 3}
      propertyPath: m_LocalRotation.y
      value: -0
      objectReference: {fileID: 0}
    - target: {fileID: 439214, guid: 61b2309c6a9086940900bc53bfd82669, type: 3}
      propertyPath: m_LocalRotation.z
      value: -0
      objectReference: {fileID: 0}
    - target: {fileID: 439214, guid: 61b2309c6a9086940900bc53bfd82669, type: 3}
      propertyPath: m_LocalRotation.w
      value: 1
      objectReference: {fileID: 0}
    - target: {fileID: 439214, guid: 61b2309c6a9086940900bc53bfd82669, type: 3}
      propertyPath: m_RootOrder
      value: 1
      objectReference: {fileID: 0}
    - target: {fileID: 439214, guid: 61b2309c6a9086940900bc53bfd82669, type: 3}
      propertyPath: m_LocalEulerAnglesHint.x
      value: 0
      objectReference: {fileID: 0}
    - target: {fileID: 439214, guid: 61b2309c6a9086940900bc53bfd82669, type: 3}
      propertyPath: m_LocalEulerAnglesHint.y
      value: 0
      objectReference: {fileID: 0}
    - target: {fileID: 439214, guid: 61b2309c6a9086940900bc53bfd82669, type: 3}
      propertyPath: m_LocalEulerAnglesHint.z
      value: 0
      objectReference: {fileID: 0}
    m_RemovedComponents: []
  m_SourcePrefab: {fileID: 100100000, guid: 61b2309c6a9086940900bc53bfd82669, type: 3}
--- !u!4 &5545975487539904080 stripped
Transform:
  m_CorrespondingSourceObject: {fileID: 439214, guid: 61b2309c6a9086940900bc53bfd82669,
    type: 3}
  m_PrefabInstance: {fileID: 5545975487539465726}
  m_PrefabAsset: {fileID: 0}
--- !u!1001 &6110384287764316037
PrefabInstance:
  m_ObjectHideFlags: 0
  serializedVersion: 2
  m_Modification:
    m_TransformParent: {fileID: 5545975486089437129}
    m_Modifications:
    - target: {fileID: 100000, guid: 9b4e7366156066b4ab445189d4507968, type: 3}
      propertyPath: m_Name
      value: fi_vil_combs_props_candle_yellow_single01
      objectReference: {fileID: 0}
    - target: {fileID: 100000, guid: 9b4e7366156066b4ab445189d4507968, type: 3}
      propertyPath: m_IsActive
      value: 1
      objectReference: {fileID: 0}
    - target: {fileID: 400000, guid: 9b4e7366156066b4ab445189d4507968, type: 3}
      propertyPath: m_LocalPosition.x
      value: 0.22404
      objectReference: {fileID: 0}
    - target: {fileID: 400000, guid: 9b4e7366156066b4ab445189d4507968, type: 3}
      propertyPath: m_LocalPosition.y
      value: 1.4001
      objectReference: {fileID: 0}
    - target: {fileID: 400000, guid: 9b4e7366156066b4ab445189d4507968, type: 3}
      propertyPath: m_LocalPosition.z
      value: 0.198
      objectReference: {fileID: 0}
    - target: {fileID: 400000, guid: 9b4e7366156066b4ab445189d4507968, type: 3}
      propertyPath: m_LocalRotation.x
      value: -0
      objectReference: {fileID: 0}
    - target: {fileID: 400000, guid: 9b4e7366156066b4ab445189d4507968, type: 3}
      propertyPath: m_LocalRotation.y
      value: -0
      objectReference: {fileID: 0}
    - target: {fileID: 400000, guid: 9b4e7366156066b4ab445189d4507968, type: 3}
      propertyPath: m_LocalRotation.z
      value: -0
      objectReference: {fileID: 0}
    - target: {fileID: 400000, guid: 9b4e7366156066b4ab445189d4507968, type: 3}
      propertyPath: m_LocalRotation.w
      value: 1
      objectReference: {fileID: 0}
    - target: {fileID: 400000, guid: 9b4e7366156066b4ab445189d4507968, type: 3}
      propertyPath: m_RootOrder
      value: 6
      objectReference: {fileID: 0}
    - target: {fileID: 400000, guid: 9b4e7366156066b4ab445189d4507968, type: 3}
      propertyPath: m_LocalEulerAnglesHint.x
      value: 0
      objectReference: {fileID: 0}
    - target: {fileID: 400000, guid: 9b4e7366156066b4ab445189d4507968, type: 3}
      propertyPath: m_LocalEulerAnglesHint.y
      value: 0
      objectReference: {fileID: 0}
    - target: {fileID: 400000, guid: 9b4e7366156066b4ab445189d4507968, type: 3}
      propertyPath: m_LocalEulerAnglesHint.z
      value: 0
      objectReference: {fileID: 0}
    m_RemovedComponents: []
  m_SourcePrefab: {fileID: 100100000, guid: 9b4e7366156066b4ab445189d4507968, type: 3}
--- !u!4 &6110384287764702469 stripped
Transform:
  m_CorrespondingSourceObject: {fileID: 400000, guid: 9b4e7366156066b4ab445189d4507968,
    type: 3}
  m_PrefabInstance: {fileID: 6110384287764316037}
  m_PrefabAsset: {fileID: 0}
