%YAML 1.1
%TAG !u! tag:unity3d.com,2011:
--- !u!1 &966546504215621973
GameObject:
  m_ObjectHideFlags: 0
  m_CorrespondingSourceObject: {fileID: 0}
  m_PrefabInstance: {fileID: 0}
  m_PrefabAsset: {fileID: 0}
  serializedVersion: 6
  m_Component:
  - component: {fileID: 2633132043487498587}
  m_Layer: 0
  m_Name: POI_BullA_11b
  m_TagString: Untagged
  m_Icon: {fileID: 0}
  m_NavMeshLayer: 0
  m_StaticEditorFlags: 0
  m_IsActive: 1
--- !u!4 &2633132043487498587
Transform:
  m_ObjectHideFlags: 0
  m_CorrespondingSourceObject: {fileID: 0}
  m_PrefabInstance: {fileID: 0}
  m_PrefabAsset: {fileID: 0}
  m_GameObject: {fileID: 966546504215621973}
  m_LocalRotation: {x: 0, y: 0, z: 0, w: 1}
  m_LocalPosition: {x: 0, y: 0.375, z: 0}
  m_LocalScale: {x: 1, y: 1, z: 1}
  m_Children:
  - {fileID: 13400163543635810}
  m_Father: {fileID: 0}
  m_RootOrder: 0
  m_LocalEulerAnglesHint: {x: 0, y: 0, z: 0}
--- !u!1 &5806025443938083081
GameObject:
  m_ObjectHideFlags: 0
  m_CorrespondingSourceObject: {fileID: 0}
  m_PrefabInstance: {fileID: 0}
  m_PrefabAsset: {fileID: 0}
  serializedVersion: 6
  m_Component:
  - component: {fileID: 13400163543635810}
  m_Layer: 0
  m_Name: BulletingA_06C
  m_TagString: Untagged
  m_Icon: {fileID: 0}
  m_NavMeshLayer: 0
  m_StaticEditorFlags: 0
  m_IsActive: 1
--- !u!4 &13400163543635810
Transform:
  m_ObjectHideFlags: 0
  m_CorrespondingSourceObject: {fileID: 0}
  m_PrefabInstance: {fileID: 0}
  m_PrefabAsset: {fileID: 0}
  m_GameObject: {fileID: 5806025443938083081}
  m_LocalRotation: {x: -0, y: -0, z: -0, w: 1}
  m_LocalPosition: {x: 0, y: 0, z: 0}
  m_LocalScale: {x: 1, y: 1, z: 1}
  m_Children:
  - {fileID: 8845262157651940707}
  - {fileID: 8355009729220743020}
  - {fileID: 6998128371540200595}
  - {fileID: 7311234474495498450}
  - {fileID: 3160356330935775766}
  - {fileID: 9018006825209697043}
  - {fileID: 5965920953949449695}
  - {fileID: 6504088103780522186}
  - {fileID: 7060259685377378279}
  - {fileID: 6061095419349715127}
  - {fileID: 8812442607298268806}
  - {fileID: 5965098245023964649}
  m_Father: {fileID: 2633132043487498587}
  m_RootOrder: 0
  m_LocalEulerAnglesHint: {x: 0, y: 0, z: 0}
--- !u!1001 &595029535780035217
PrefabInstance:
  m_ObjectHideFlags: 0
  serializedVersion: 2
  m_Modification:
    m_TransformParent: {fileID: 13400163543635810}
    m_Modifications:
    - target: {fileID: 2565415042037950598, guid: f98b3187652fd594fb5121d9e28e178a,
        type: 3}
      propertyPath: m_Name
      value: BilletProp3_03
      objectReference: {fileID: 0}
    - target: {fileID: 2565415042037950599, guid: f98b3187652fd594fb5121d9e28e178a,
        type: 3}
      propertyPath: m_LocalPosition.x
      value: 0
      objectReference: {fileID: 0}
    - target: {fileID: 2565415042037950599, guid: f98b3187652fd594fb5121d9e28e178a,
        type: 3}
      propertyPath: m_LocalPosition.y
      value: 0
      objectReference: {fileID: 0}
    - target: {fileID: 2565415042037950599, guid: f98b3187652fd594fb5121d9e28e178a,
        type: 3}
      propertyPath: m_LocalPosition.z
      value: 0
      objectReference: {fileID: 0}
    - target: {fileID: 2565415042037950599, guid: f98b3187652fd594fb5121d9e28e178a,
        type: 3}
      propertyPath: m_LocalRotation.x
      value: -0
      objectReference: {fileID: 0}
    - target: {fileID: 2565415042037950599, guid: f98b3187652fd594fb5121d9e28e178a,
        type: 3}
      propertyPath: m_LocalRotation.y
      value: -0
      objectReference: {fileID: 0}
    - target: {fileID: 2565415042037950599, guid: f98b3187652fd594fb5121d9e28e178a,
        type: 3}
      propertyPath: m_LocalRotation.z
      value: -0
      objectReference: {fileID: 0}
    - target: {fileID: 2565415042037950599, guid: f98b3187652fd594fb5121d9e28e178a,
        type: 3}
      propertyPath: m_LocalRotation.w
      value: 1
      objectReference: {fileID: 0}
    - target: {fileID: 2565415042037950599, guid: f98b3187652fd594fb5121d9e28e178a,
        type: 3}
      propertyPath: m_RootOrder
      value: 4
      objectReference: {fileID: 0}
    - target: {fileID: 2565415042037950599, guid: f98b3187652fd594fb5121d9e28e178a,
        type: 3}
      propertyPath: m_LocalEulerAnglesHint.x
      value: 0
      objectReference: {fileID: 0}
    - target: {fileID: 2565415042037950599, guid: f98b3187652fd594fb5121d9e28e178a,
        type: 3}
      propertyPath: m_LocalEulerAnglesHint.y
      value: 0
      objectReference: {fileID: 0}
    - target: {fileID: 2565415042037950599, guid: f98b3187652fd594fb5121d9e28e178a,
        type: 3}
      propertyPath: m_LocalEulerAnglesHint.z
      value: 0
      objectReference: {fileID: 0}
    m_RemovedComponents: []
  m_SourcePrefab: {fileID: 100100000, guid: f98b3187652fd594fb5121d9e28e178a, type: 3}
--- !u!4 &3160356330935775766 stripped
Transform:
  m_CorrespondingSourceObject: {fileID: 2565415042037950599, guid: f98b3187652fd594fb5121d9e28e178a,
    type: 3}
  m_PrefabInstance: {fileID: 595029535780035217}
  m_PrefabAsset: {fileID: 0}
--- !u!1001 &4667966578905887757
PrefabInstance:
  m_ObjectHideFlags: 0
  serializedVersion: 2
  m_Modification:
    m_TransformParent: {fileID: 13400163543635810}
    m_Modifications:
    - target: {fileID: 2716035456514944223, guid: 3cfa1c5041403c844be2df94e425fdd3,
        type: 3}
      propertyPath: m_LocalPosition.x
      value: 0
      objectReference: {fileID: 0}
    - target: {fileID: 2716035456514944223, guid: 3cfa1c5041403c844be2df94e425fdd3,
        type: 3}
      propertyPath: m_LocalPosition.y
      value: 0
      objectReference: {fileID: 0}
    - target: {fileID: 2716035456514944223, guid: 3cfa1c5041403c844be2df94e425fdd3,
        type: 3}
      propertyPath: m_LocalPosition.z
      value: 0
      objectReference: {fileID: 0}
    - target: {fileID: 2716035456514944223, guid: 3cfa1c5041403c844be2df94e425fdd3,
        type: 3}
      propertyPath: m_LocalRotation.x
      value: -0
      objectReference: {fileID: 0}
    - target: {fileID: 2716035456514944223, guid: 3cfa1c5041403c844be2df94e425fdd3,
        type: 3}
      propertyPath: m_LocalRotation.y
      value: -0
      objectReference: {fileID: 0}
    - target: {fileID: 2716035456514944223, guid: 3cfa1c5041403c844be2df94e425fdd3,
        type: 3}
      propertyPath: m_LocalRotation.z
      value: -0
      objectReference: {fileID: 0}
    - target: {fileID: 2716035456514944223, guid: 3cfa1c5041403c844be2df94e425fdd3,
        type: 3}
      propertyPath: m_LocalRotation.w
      value: 1
      objectReference: {fileID: 0}
    - target: {fileID: 2716035456514944223, guid: 3cfa1c5041403c844be2df94e425fdd3,
        type: 3}
      propertyPath: m_RootOrder
      value: 3
      objectReference: {fileID: 0}
    - target: {fileID: 2716035456514944223, guid: 3cfa1c5041403c844be2df94e425fdd3,
        type: 3}
      propertyPath: m_LocalEulerAnglesHint.x
      value: 0
      objectReference: {fileID: 0}
    - target: {fileID: 2716035456514944223, guid: 3cfa1c5041403c844be2df94e425fdd3,
        type: 3}
      propertyPath: m_LocalEulerAnglesHint.y
      value: 0
      objectReference: {fileID: 0}
    - target: {fileID: 2716035456514944223, guid: 3cfa1c5041403c844be2df94e425fdd3,
        type: 3}
      propertyPath: m_LocalEulerAnglesHint.z
      value: 0
      objectReference: {fileID: 0}
    - target: {fileID: 2716035456515436799, guid: 3cfa1c5041403c844be2df94e425fdd3,
        type: 3}
      propertyPath: m_Name
      value: fe_vil_mm_BulletinLegs02_A
      objectReference: {fileID: 0}
    m_RemovedComponents: []
  m_SourcePrefab: {fileID: 100100000, guid: 3cfa1c5041403c844be2df94e425fdd3, type: 3}
--- !u!4 &7311234474495498450 stripped
Transform:
  m_CorrespondingSourceObject: {fileID: 2716035456514944223, guid: 3cfa1c5041403c844be2df94e425fdd3,
    type: 3}
  m_PrefabInstance: {fileID: 4667966578905887757}
  m_PrefabAsset: {fileID: 0}
--- !u!1001 &5221452967101274167
PrefabInstance:
  m_ObjectHideFlags: 0
  serializedVersion: 2
  m_Modification:
    m_TransformParent: {fileID: 13400163543635810}
    m_Modifications:
    - target: {fileID: 3841630554610404132, guid: 11bb0cf39701fe848a639a1b7e128a05,
        type: 3}
      propertyPath: m_LocalPosition.x
      value: 0
      objectReference: {fileID: 0}
    - target: {fileID: 3841630554610404132, guid: 11bb0cf39701fe848a639a1b7e128a05,
        type: 3}
      propertyPath: m_LocalPosition.y
      value: 0
      objectReference: {fileID: 0}
    - target: {fileID: 3841630554610404132, guid: 11bb0cf39701fe848a639a1b7e128a05,
        type: 3}
      propertyPath: m_LocalPosition.z
      value: 0
      objectReference: {fileID: 0}
    - target: {fileID: 3841630554610404132, guid: 11bb0cf39701fe848a639a1b7e128a05,
        type: 3}
      propertyPath: m_LocalRotation.x
      value: -0
      objectReference: {fileID: 0}
    - target: {fileID: 3841630554610404132, guid: 11bb0cf39701fe848a639a1b7e128a05,
        type: 3}
      propertyPath: m_LocalRotation.y
      value: 1
      objectReference: {fileID: 0}
    - target: {fileID: 3841630554610404132, guid: 11bb0cf39701fe848a639a1b7e128a05,
        type: 3}
      propertyPath: m_LocalRotation.z
      value: -0
      objectReference: {fileID: 0}
    - target: {fileID: 3841630554610404132, guid: 11bb0cf39701fe848a639a1b7e128a05,
        type: 3}
      propertyPath: m_LocalRotation.w
      value: 0
      objectReference: {fileID: 0}
    - target: {fileID: 3841630554610404132, guid: 11bb0cf39701fe848a639a1b7e128a05,
        type: 3}
      propertyPath: m_RootOrder
      value: 5
      objectReference: {fileID: 0}
    - target: {fileID: 3841630554610404132, guid: 11bb0cf39701fe848a639a1b7e128a05,
        type: 3}
      propertyPath: m_LocalEulerAnglesHint.x
      value: 0
      objectReference: {fileID: 0}
    - target: {fileID: 3841630554610404132, guid: 11bb0cf39701fe848a639a1b7e128a05,
        type: 3}
      propertyPath: m_LocalEulerAnglesHint.y
      value: 180
      objectReference: {fileID: 0}
    - target: {fileID: 3841630554610404132, guid: 11bb0cf39701fe848a639a1b7e128a05,
        type: 3}
      propertyPath: m_LocalEulerAnglesHint.z
      value: 0
      objectReference: {fileID: 0}
    - target: {fileID: 3841630554610404155, guid: 11bb0cf39701fe848a639a1b7e128a05,
        type: 3}
      propertyPath: m_Name
      value: BilletProp3_01
      objectReference: {fileID: 0}
    m_RemovedComponents: []
  m_SourcePrefab: {fileID: 100100000, guid: 11bb0cf39701fe848a639a1b7e128a05, type: 3}
--- !u!4 &9018006825209697043 stripped
Transform:
  m_CorrespondingSourceObject: {fileID: 3841630554610404132, guid: 11bb0cf39701fe848a639a1b7e128a05,
    type: 3}
  m_PrefabInstance: {fileID: 5221452967101274167}
  m_PrefabAsset: {fileID: 0}
--- !u!1001 &5965098245023827819
PrefabInstance:
  m_ObjectHideFlags: 0
  serializedVersion: 2
  m_Modification:
    m_TransformParent: {fileID: 13400163543635810}
    m_Modifications:
    - target: {fileID: 100002, guid: f81458483199a1b40bb4bc90ba8b9d72, type: 3}
      propertyPath: m_Name
      value: fi_vil_combs_step_02
      objectReference: {fileID: 0}
    - target: {fileID: 400002, guid: f81458483199a1b40bb4bc90ba8b9d72, type: 3}
      propertyPath: m_LocalPosition.x
      value: 0
      objectReference: {fileID: 0}
    - target: {fileID: 400002, guid: f81458483199a1b40bb4bc90ba8b9d72, type: 3}
      propertyPath: m_LocalPosition.y
      value: -0.375
      objectReference: {fileID: 0}
    - target: {fileID: 400002, guid: f81458483199a1b40bb4bc90ba8b9d72, type: 3}
      propertyPath: m_LocalPosition.z
      value: 0
      objectReference: {fileID: 0}
    - target: {fileID: 400002, guid: f81458483199a1b40bb4bc90ba8b9d72, type: 3}
      propertyPath: m_LocalRotation.x
      value: -0
      objectReference: {fileID: 0}
    - target: {fileID: 400002, guid: f81458483199a1b40bb4bc90ba8b9d72, type: 3}
      propertyPath: m_LocalRotation.y
      value: -0
      objectReference: {fileID: 0}
    - target: {fileID: 400002, guid: f81458483199a1b40bb4bc90ba8b9d72, type: 3}
      propertyPath: m_LocalRotation.z
      value: -0
      objectReference: {fileID: 0}
    - target: {fileID: 400002, guid: f81458483199a1b40bb4bc90ba8b9d72, type: 3}
      propertyPath: m_LocalRotation.w
      value: 1
      objectReference: {fileID: 0}
    - target: {fileID: 400002, guid: f81458483199a1b40bb4bc90ba8b9d72, type: 3}
      propertyPath: m_RootOrder
      value: 11
      objectReference: {fileID: 0}
    - target: {fileID: 400002, guid: f81458483199a1b40bb4bc90ba8b9d72, type: 3}
      propertyPath: m_LocalEulerAnglesHint.x
      value: 0
      objectReference: {fileID: 0}
    - target: {fileID: 400002, guid: f81458483199a1b40bb4bc90ba8b9d72, type: 3}
      propertyPath: m_LocalEulerAnglesHint.y
      value: 0
      objectReference: {fileID: 0}
    - target: {fileID: 400002, guid: f81458483199a1b40bb4bc90ba8b9d72, type: 3}
      propertyPath: m_LocalEulerAnglesHint.z
      value: 0
      objectReference: {fileID: 0}
    m_RemovedComponents: []
  m_SourcePrefab: {fileID: 100100000, guid: f81458483199a1b40bb4bc90ba8b9d72, type: 3}
--- !u!4 &5965098245023964649 stripped
Transform:
  m_CorrespondingSourceObject: {fileID: 400002, guid: f81458483199a1b40bb4bc90ba8b9d72,
    type: 3}
  m_PrefabInstance: {fileID: 5965098245023827819}
  m_PrefabAsset: {fileID: 0}
--- !u!1001 &5965920953948982959
PrefabInstance:
  m_ObjectHideFlags: 0
  serializedVersion: 2
  m_Modification:
    m_TransformParent: {fileID: 13400163543635810}
    m_Modifications:
    - target: {fileID: 141920, guid: edc46e5066c02a643bdd0678a7a1ac6a, type: 3}
      propertyPath: m_Name
      value: fe_vil_barrel_S4a
      objectReference: {fileID: 0}
    - target: {fileID: 467824, guid: edc46e5066c02a643bdd0678a7a1ac6a, type: 3}
      propertyPath: m_LocalPosition.x
      value: -0.246
      objectReference: {fileID: 0}
    - target: {fileID: 467824, guid: edc46e5066c02a643bdd0678a7a1ac6a, type: 3}
      propertyPath: m_LocalPosition.y
      value: 0
      objectReference: {fileID: 0}
    - target: {fileID: 467824, guid: edc46e5066c02a643bdd0678a7a1ac6a, type: 3}
      propertyPath: m_LocalPosition.z
      value: -1.1739998
      objectReference: {fileID: 0}
    - target: {fileID: 467824, guid: edc46e5066c02a643bdd0678a7a1ac6a, type: 3}
      propertyPath: m_LocalRotation.x
      value: -0
      objectReference: {fileID: 0}
    - target: {fileID: 467824, guid: edc46e5066c02a643bdd0678a7a1ac6a, type: 3}
      propertyPath: m_LocalRotation.y
      value: -0
      objectReference: {fileID: 0}
    - target: {fileID: 467824, guid: edc46e5066c02a643bdd0678a7a1ac6a, type: 3}
      propertyPath: m_LocalRotation.z
      value: -0
      objectReference: {fileID: 0}
    - target: {fileID: 467824, guid: edc46e5066c02a643bdd0678a7a1ac6a, type: 3}
      propertyPath: m_LocalRotation.w
      value: 1
      objectReference: {fileID: 0}
    - target: {fileID: 467824, guid: edc46e5066c02a643bdd0678a7a1ac6a, type: 3}
      propertyPath: m_RootOrder
      value: 6
      objectReference: {fileID: 0}
    - target: {fileID: 467824, guid: edc46e5066c02a643bdd0678a7a1ac6a, type: 3}
      propertyPath: m_LocalEulerAnglesHint.x
      value: 0
      objectReference: {fileID: 0}
    - target: {fileID: 467824, guid: edc46e5066c02a643bdd0678a7a1ac6a, type: 3}
      propertyPath: m_LocalEulerAnglesHint.y
      value: 0
      objectReference: {fileID: 0}
    - target: {fileID: 467824, guid: edc46e5066c02a643bdd0678a7a1ac6a, type: 3}
      propertyPath: m_LocalEulerAnglesHint.z
      value: 0
      objectReference: {fileID: 0}
    m_RemovedComponents: []
  m_SourcePrefab: {fileID: 100100000, guid: edc46e5066c02a643bdd0678a7a1ac6a, type: 3}
--- !u!4 &5965920953949449695 stripped
Transform:
  m_CorrespondingSourceObject: {fileID: 467824, guid: edc46e5066c02a643bdd0678a7a1ac6a,
    type: 3}
  m_PrefabInstance: {fileID: 5965920953948982959}
  m_PrefabAsset: {fileID: 0}
--- !u!1001 &6061095419349324343
PrefabInstance:
  m_ObjectHideFlags: 0
  serializedVersion: 2
  m_Modification:
    m_TransformParent: {fileID: 13400163543635810}
    m_Modifications:
    - target: {fileID: 100000, guid: b05ab35d1643b7c48b80bb09a195975e, type: 3}
      propertyPath: m_Name
      value: fi_vil_container_basket01_closed
      objectReference: {fileID: 0}
    - target: {fileID: 400000, guid: b05ab35d1643b7c48b80bb09a195975e, type: 3}
      propertyPath: m_LocalPosition.x
      value: -0.112
      objectReference: {fileID: 0}
    - target: {fileID: 400000, guid: b05ab35d1643b7c48b80bb09a195975e, type: 3}
      propertyPath: m_LocalPosition.y
      value: 0
      objectReference: {fileID: 0}
    - target: {fileID: 400000, guid: b05ab35d1643b7c48b80bb09a195975e, type: 3}
      propertyPath: m_LocalPosition.z
      value: 0.20700026
      objectReference: {fileID: 0}
    - target: {fileID: 400000, guid: b05ab35d1643b7c48b80bb09a195975e, type: 3}
      propertyPath: m_LocalRotation.x
      value: -0
      objectReference: {fileID: 0}
    - target: {fileID: 400000, guid: b05ab35d1643b7c48b80bb09a195975e, type: 3}
      propertyPath: m_LocalRotation.y
      value: -0
      objectReference: {fileID: 0}
    - target: {fileID: 400000, guid: b05ab35d1643b7c48b80bb09a195975e, type: 3}
      propertyPath: m_LocalRotation.z
      value: -0
      objectReference: {fileID: 0}
    - target: {fileID: 400000, guid: b05ab35d1643b7c48b80bb09a195975e, type: 3}
      propertyPath: m_LocalRotation.w
      value: 1
      objectReference: {fileID: 0}
    - target: {fileID: 400000, guid: b05ab35d1643b7c48b80bb09a195975e, type: 3}
      propertyPath: m_RootOrder
      value: 9
      objectReference: {fileID: 0}
    - target: {fileID: 400000, guid: b05ab35d1643b7c48b80bb09a195975e, type: 3}
      propertyPath: m_LocalEulerAnglesHint.x
      value: 0
      objectReference: {fileID: 0}
    - target: {fileID: 400000, guid: b05ab35d1643b7c48b80bb09a195975e, type: 3}
      propertyPath: m_LocalEulerAnglesHint.y
      value: 0
      objectReference: {fileID: 0}
    - target: {fileID: 400000, guid: b05ab35d1643b7c48b80bb09a195975e, type: 3}
      propertyPath: m_LocalEulerAnglesHint.z
      value: 0
      objectReference: {fileID: 0}
    m_RemovedComponents: []
  m_SourcePrefab: {fileID: 100100000, guid: b05ab35d1643b7c48b80bb09a195975e, type: 3}
--- !u!4 &6061095419349715127 stripped
Transform:
  m_CorrespondingSourceObject: {fileID: 400000, guid: b05ab35d1643b7c48b80bb09a195975e,
    type: 3}
  m_PrefabInstance: {fileID: 6061095419349324343}
  m_PrefabAsset: {fileID: 0}
--- !u!1001 &6504088103780123210
PrefabInstance:
  m_ObjectHideFlags: 0
  serializedVersion: 2
  m_Modification:
    m_TransformParent: {fileID: 13400163543635810}
    m_Modifications:
    - target: {fileID: 100000, guid: 990dfdc0273fc324daa3afc755f28fa1, type: 3}
      propertyPath: m_Name
      value: fi_vil_container_bag01_01
      objectReference: {fileID: 0}
    - target: {fileID: 400000, guid: 990dfdc0273fc324daa3afc755f28fa1, type: 3}
      propertyPath: m_LocalPosition.x
      value: 0.2261
      objectReference: {fileID: 0}
    - target: {fileID: 400000, guid: 990dfdc0273fc324daa3afc755f28fa1, type: 3}
      propertyPath: m_LocalPosition.y
      value: 0
      objectReference: {fileID: 0}
    - target: {fileID: 400000, guid: 990dfdc0273fc324daa3afc755f28fa1, type: 3}
      propertyPath: m_LocalPosition.z
      value: -0.19810009
      objectReference: {fileID: 0}
    - target: {fileID: 400000, guid: 990dfdc0273fc324daa3afc755f28fa1, type: 3}
      propertyPath: m_LocalRotation.x
      value: -0
      objectReference: {fileID: 0}
    - target: {fileID: 400000, guid: 990dfdc0273fc324daa3afc755f28fa1, type: 3}
      propertyPath: m_LocalRotation.y
      value: 0.44909698
      objectReference: {fileID: 0}
    - target: {fileID: 400000, guid: 990dfdc0273fc324daa3afc755f28fa1, type: 3}
      propertyPath: m_LocalRotation.z
      value: -0
      objectReference: {fileID: 0}
    - target: {fileID: 400000, guid: 990dfdc0273fc324daa3afc755f28fa1, type: 3}
      propertyPath: m_LocalRotation.w
      value: 0.89348304
      objectReference: {fileID: 0}
    - target: {fileID: 400000, guid: 990dfdc0273fc324daa3afc755f28fa1, type: 3}
      propertyPath: m_RootOrder
      value: 7
      objectReference: {fileID: 0}
    - target: {fileID: 400000, guid: 990dfdc0273fc324daa3afc755f28fa1, type: 3}
      propertyPath: m_LocalEulerAnglesHint.x
      value: 0
      objectReference: {fileID: 0}
    - target: {fileID: 400000, guid: 990dfdc0273fc324daa3afc755f28fa1, type: 3}
      propertyPath: m_LocalEulerAnglesHint.y
      value: 53.372
      objectReference: {fileID: 0}
    - target: {fileID: 400000, guid: 990dfdc0273fc324daa3afc755f28fa1, type: 3}
      propertyPath: m_LocalEulerAnglesHint.z
      value: 0
      objectReference: {fileID: 0}
    m_RemovedComponents: []
  m_SourcePrefab: {fileID: 100100000, guid: 990dfdc0273fc324daa3afc755f28fa1, type: 3}
--- !u!4 &6504088103780522186 stripped
Transform:
  m_CorrespondingSourceObject: {fileID: 400000, guid: 990dfdc0273fc324daa3afc755f28fa1,
    type: 3}
  m_PrefabInstance: {fileID: 6504088103780123210}
  m_PrefabAsset: {fileID: 0}
--- !u!1001 &6547119583255166565
PrefabInstance:
  m_ObjectHideFlags: 0
  serializedVersion: 2
  m_Modification:
    m_TransformParent: {fileID: 13400163543635810}
    m_Modifications:
    - target: {fileID: 2313906294142135046, guid: 6d1ed7b3f59b47249bb8d174252a1d16,
        type: 3}
      propertyPath: m_LocalPosition.x
      value: 0
      objectReference: {fileID: 0}
    - target: {fileID: 2313906294142135046, guid: 6d1ed7b3f59b47249bb8d174252a1d16,
        type: 3}
      propertyPath: m_LocalPosition.y
      value: -0.5
      objectReference: {fileID: 0}
    - target: {fileID: 2313906294142135046, guid: 6d1ed7b3f59b47249bb8d174252a1d16,
        type: 3}
      propertyPath: m_LocalPosition.z
      value: 0
      objectReference: {fileID: 0}
    - target: {fileID: 2313906294142135046, guid: 6d1ed7b3f59b47249bb8d174252a1d16,
        type: 3}
      propertyPath: m_LocalRotation.x
      value: -0
      objectReference: {fileID: 0}
    - target: {fileID: 2313906294142135046, guid: 6d1ed7b3f59b47249bb8d174252a1d16,
        type: 3}
      propertyPath: m_LocalRotation.y
      value: -0
      objectReference: {fileID: 0}
    - target: {fileID: 2313906294142135046, guid: 6d1ed7b3f59b47249bb8d174252a1d16,
        type: 3}
      propertyPath: m_LocalRotation.z
      value: -0
      objectReference: {fileID: 0}
    - target: {fileID: 2313906294142135046, guid: 6d1ed7b3f59b47249bb8d174252a1d16,
        type: 3}
      propertyPath: m_LocalRotation.w
      value: 1
      objectReference: {fileID: 0}
    - target: {fileID: 2313906294142135046, guid: 6d1ed7b3f59b47249bb8d174252a1d16,
        type: 3}
      propertyPath: m_RootOrder
      value: 0
      objectReference: {fileID: 0}
    - target: {fileID: 2313906294142135046, guid: 6d1ed7b3f59b47249bb8d174252a1d16,
        type: 3}
      propertyPath: m_LocalEulerAnglesHint.x
      value: 0
      objectReference: {fileID: 0}
    - target: {fileID: 2313906294142135046, guid: 6d1ed7b3f59b47249bb8d174252a1d16,
        type: 3}
      propertyPath: m_LocalEulerAnglesHint.y
      value: 0
      objectReference: {fileID: 0}
    - target: {fileID: 2313906294142135046, guid: 6d1ed7b3f59b47249bb8d174252a1d16,
        type: 3}
      propertyPath: m_LocalEulerAnglesHint.z
      value: 0
      objectReference: {fileID: 0}
    - target: {fileID: 2313906294142433062, guid: 6d1ed7b3f59b47249bb8d174252a1d16,
        type: 3}
      propertyPath: m_Name
      value: fe_vil_mm_BulletinShelf_s
      objectReference: {fileID: 0}
    m_RemovedComponents: []
  m_SourcePrefab: {fileID: 100100000, guid: 6d1ed7b3f59b47249bb8d174252a1d16, type: 3}
--- !u!4 &8845262157651940707 stripped
Transform:
  m_CorrespondingSourceObject: {fileID: 2313906294142135046, guid: 6d1ed7b3f59b47249bb8d174252a1d16,
    type: 3}
  m_PrefabInstance: {fileID: 6547119583255166565}
  m_PrefabAsset: {fileID: 0}
--- !u!1001 &6547629579208176750
PrefabInstance:
  m_ObjectHideFlags: 0
  serializedVersion: 2
  m_Modification:
    m_TransformParent: {fileID: 13400163543635810}
    m_Modifications:
    - target: {fileID: 2967642896207559426, guid: 317714da4ce32f84281b1584157d4328,
        type: 3}
      propertyPath: m_LocalPosition.x
      value: 0
      objectReference: {fileID: 0}
    - target: {fileID: 2967642896207559426, guid: 317714da4ce32f84281b1584157d4328,
        type: 3}
      propertyPath: m_LocalPosition.y
      value: 0
      objectReference: {fileID: 0}
    - target: {fileID: 2967642896207559426, guid: 317714da4ce32f84281b1584157d4328,
        type: 3}
      propertyPath: m_LocalPosition.z
      value: 0
      objectReference: {fileID: 0}
    - target: {fileID: 2967642896207559426, guid: 317714da4ce32f84281b1584157d4328,
        type: 3}
      propertyPath: m_LocalRotation.x
      value: -0
      objectReference: {fileID: 0}
    - target: {fileID: 2967642896207559426, guid: 317714da4ce32f84281b1584157d4328,
        type: 3}
      propertyPath: m_LocalRotation.y
      value: -0
      objectReference: {fileID: 0}
    - target: {fileID: 2967642896207559426, guid: 317714da4ce32f84281b1584157d4328,
        type: 3}
      propertyPath: m_LocalRotation.z
      value: -0
      objectReference: {fileID: 0}
    - target: {fileID: 2967642896207559426, guid: 317714da4ce32f84281b1584157d4328,
        type: 3}
      propertyPath: m_LocalRotation.w
      value: 1
      objectReference: {fileID: 0}
    - target: {fileID: 2967642896207559426, guid: 317714da4ce32f84281b1584157d4328,
        type: 3}
      propertyPath: m_RootOrder
      value: 1
      objectReference: {fileID: 0}
    - target: {fileID: 2967642896207559426, guid: 317714da4ce32f84281b1584157d4328,
        type: 3}
      propertyPath: m_LocalEulerAnglesHint.x
      value: 0
      objectReference: {fileID: 0}
    - target: {fileID: 2967642896207559426, guid: 317714da4ce32f84281b1584157d4328,
        type: 3}
      propertyPath: m_LocalEulerAnglesHint.y
      value: 0
      objectReference: {fileID: 0}
    - target: {fileID: 2967642896207559426, guid: 317714da4ce32f84281b1584157d4328,
        type: 3}
      propertyPath: m_LocalEulerAnglesHint.z
      value: 0
      objectReference: {fileID: 0}
    - target: {fileID: 2967642896207849250, guid: 317714da4ce32f84281b1584157d4328,
        type: 3}
      propertyPath: m_Name
      value: fe_vil_mm_BulletinA_03
      objectReference: {fileID: 0}
    m_RemovedComponents: []
  m_SourcePrefab: {fileID: 100100000, guid: 317714da4ce32f84281b1584157d4328, type: 3}
--- !u!4 &8355009729220743020 stripped
Transform:
  m_CorrespondingSourceObject: {fileID: 2967642896207559426, guid: 317714da4ce32f84281b1584157d4328,
    type: 3}
  m_PrefabInstance: {fileID: 6547629579208176750}
  m_PrefabAsset: {fileID: 0}
--- !u!1001 &7060259685376990567
PrefabInstance:
  m_ObjectHideFlags: 0
  serializedVersion: 2
  m_Modification:
    m_TransformParent: {fileID: 13400163543635810}
    m_Modifications:
    - target: {fileID: 100000, guid: feb6142f06d9bf747bf84511351da563, type: 3}
      propertyPath: m_Name
      value: fi_vil_container_basket03_closed
      objectReference: {fileID: 0}
    - target: {fileID: 400000, guid: feb6142f06d9bf747bf84511351da563, type: 3}
      propertyPath: m_LocalPosition.x
      value: -0.1344
      objectReference: {fileID: 0}
    - target: {fileID: 400000, guid: feb6142f06d9bf747bf84511351da563, type: 3}
      propertyPath: m_LocalPosition.y
      value: 0
      objectReference: {fileID: 0}
    - target: {fileID: 400000, guid: feb6142f06d9bf747bf84511351da563, type: 3}
      propertyPath: m_LocalPosition.z
      value: -0.39330006
      objectReference: {fileID: 0}
    - target: {fileID: 400000, guid: feb6142f06d9bf747bf84511351da563, type: 3}
      propertyPath: m_LocalRotation.x
      value: -0
      objectReference: {fileID: 0}
    - target: {fileID: 400000, guid: feb6142f06d9bf747bf84511351da563, type: 3}
      propertyPath: m_LocalRotation.y
      value: -0
      objectReference: {fileID: 0}
    - target: {fileID: 400000, guid: feb6142f06d9bf747bf84511351da563, type: 3}
      propertyPath: m_LocalRotation.z
      value: -0
      objectReference: {fileID: 0}
    - target: {fileID: 400000, guid: feb6142f06d9bf747bf84511351da563, type: 3}
      propertyPath: m_LocalRotation.w
      value: 1
      objectReference: {fileID: 0}
    - target: {fileID: 400000, guid: feb6142f06d9bf747bf84511351da563, type: 3}
      propertyPath: m_RootOrder
      value: 8
      objectReference: {fileID: 0}
    - target: {fileID: 400000, guid: feb6142f06d9bf747bf84511351da563, type: 3}
      propertyPath: m_LocalEulerAnglesHint.x
      value: 0
      objectReference: {fileID: 0}
    - target: {fileID: 400000, guid: feb6142f06d9bf747bf84511351da563, type: 3}
      propertyPath: m_LocalEulerAnglesHint.y
      value: 0
      objectReference: {fileID: 0}
    - target: {fileID: 400000, guid: feb6142f06d9bf747bf84511351da563, type: 3}
      propertyPath: m_LocalEulerAnglesHint.z
      value: 0
      objectReference: {fileID: 0}
    m_RemovedComponents: []
  m_SourcePrefab: {fileID: 100100000, guid: feb6142f06d9bf747bf84511351da563, type: 3}
--- !u!4 &7060259685377378279 stripped
Transform:
  m_CorrespondingSourceObject: {fileID: 400000, guid: feb6142f06d9bf747bf84511351da563,
    type: 3}
  m_PrefabInstance: {fileID: 7060259685376990567}
  m_PrefabAsset: {fileID: 0}
--- !u!1001 &8812442607297841872
PrefabInstance:
  m_ObjectHideFlags: 0
  serializedVersion: 2
  m_Modification:
    m_TransformParent: {fileID: 13400163543635810}
    m_Modifications:
    - target: {fileID: 186656, guid: 0f65588b9943f8347a3700bc279c7758, type: 3}
      propertyPath: m_Name
      value: fe_vil_crate_02f
      objectReference: {fileID: 0}
    - target: {fileID: 427094, guid: 0f65588b9943f8347a3700bc279c7758, type: 3}
      propertyPath: m_LocalPosition.x
      value: -0.118
      objectReference: {fileID: 0}
    - target: {fileID: 427094, guid: 0f65588b9943f8347a3700bc279c7758, type: 3}
      propertyPath: m_LocalPosition.y
      value: 0
      objectReference: {fileID: 0}
    - target: {fileID: 427094, guid: 0f65588b9943f8347a3700bc279c7758, type: 3}
      propertyPath: m_LocalPosition.z
      value: 1.2179999
      objectReference: {fileID: 0}
    - target: {fileID: 427094, guid: 0f65588b9943f8347a3700bc279c7758, type: 3}
      propertyPath: m_LocalRotation.x
      value: -0
      objectReference: {fileID: 0}
    - target: {fileID: 427094, guid: 0f65588b9943f8347a3700bc279c7758, type: 3}
      propertyPath: m_LocalRotation.y
      value: -0.13860752
      objectReference: {fileID: 0}
    - target: {fileID: 427094, guid: 0f65588b9943f8347a3700bc279c7758, type: 3}
      propertyPath: m_LocalRotation.z
      value: -0
      objectReference: {fileID: 0}
    - target: {fileID: 427094, guid: 0f65588b9943f8347a3700bc279c7758, type: 3}
      propertyPath: m_LocalRotation.w
      value: 0.9903474
      objectReference: {fileID: 0}
    - target: {fileID: 427094, guid: 0f65588b9943f8347a3700bc279c7758, type: 3}
      propertyPath: m_RootOrder
      value: 10
      objectReference: {fileID: 0}
    - target: {fileID: 427094, guid: 0f65588b9943f8347a3700bc279c7758, type: 3}
      propertyPath: m_LocalEulerAnglesHint.x
      value: 0
      objectReference: {fileID: 0}
    - target: {fileID: 427094, guid: 0f65588b9943f8347a3700bc279c7758, type: 3}
      propertyPath: m_LocalEulerAnglesHint.y
      value: -15.935
      objectReference: {fileID: 0}
    - target: {fileID: 427094, guid: 0f65588b9943f8347a3700bc279c7758, type: 3}
      propertyPath: m_LocalEulerAnglesHint.z
      value: 0
      objectReference: {fileID: 0}
    m_RemovedComponents: []
  m_SourcePrefab: {fileID: 100100000, guid: 0f65588b9943f8347a3700bc279c7758, type: 3}
--- !u!4 &8812442607298268806 stripped
Transform:
  m_CorrespondingSourceObject: {fileID: 427094, guid: 0f65588b9943f8347a3700bc279c7758,
    type: 3}
  m_PrefabInstance: {fileID: 8812442607297841872}
  m_PrefabAsset: {fileID: 0}
--- !u!1001 &8827023394390734627
PrefabInstance:
  m_ObjectHideFlags: 0
  serializedVersion: 2
  m_Modification:
    m_TransformParent: {fileID: 13400163543635810}
    m_Modifications:
    - target: {fileID: 1973064473812133776, guid: 342f46e74a0274c4bab3d99c7abe4897,
        type: 3}
      propertyPath: m_Name
      value: fe_vil_mm_BulletinRoof03_s
      objectReference: {fileID: 0}
    - target: {fileID: 1973064473812171696, guid: 342f46e74a0274c4bab3d99c7abe4897,
        type: 3}
      propertyPath: m_LocalPosition.x
      value: -0
      objectReference: {fileID: 0}
    - target: {fileID: 1973064473812171696, guid: 342f46e74a0274c4bab3d99c7abe4897,
        type: 3}
      propertyPath: m_LocalPosition.y
      value: 0
      objectReference: {fileID: 0}
    - target: {fileID: 1973064473812171696, guid: 342f46e74a0274c4bab3d99c7abe4897,
        type: 3}
      propertyPath: m_LocalPosition.z
      value: 0
      objectReference: {fileID: 0}
    - target: {fileID: 1973064473812171696, guid: 342f46e74a0274c4bab3d99c7abe4897,
        type: 3}
      propertyPath: m_LocalRotation.x
      value: 0
      objectReference: {fileID: 0}
    - target: {fileID: 1973064473812171696, guid: 342f46e74a0274c4bab3d99c7abe4897,
        type: 3}
      propertyPath: m_LocalRotation.y
      value: -0
      objectReference: {fileID: 0}
    - target: {fileID: 1973064473812171696, guid: 342f46e74a0274c4bab3d99c7abe4897,
        type: 3}
      propertyPath: m_LocalRotation.z
      value: -0
      objectReference: {fileID: 0}
    - target: {fileID: 1973064473812171696, guid: 342f46e74a0274c4bab3d99c7abe4897,
        type: 3}
      propertyPath: m_LocalRotation.w
      value: 1
      objectReference: {fileID: 0}
    - target: {fileID: 1973064473812171696, guid: 342f46e74a0274c4bab3d99c7abe4897,
        type: 3}
      propertyPath: m_RootOrder
      value: 2
      objectReference: {fileID: 0}
    - target: {fileID: 1973064473812171696, guid: 342f46e74a0274c4bab3d99c7abe4897,
        type: 3}
      propertyPath: m_LocalEulerAnglesHint.x
      value: 0
      objectReference: {fileID: 0}
    - target: {fileID: 1973064473812171696, guid: 342f46e74a0274c4bab3d99c7abe4897,
        type: 3}
      propertyPath: m_LocalEulerAnglesHint.y
      value: 0
      objectReference: {fileID: 0}
    - target: {fileID: 1973064473812171696, guid: 342f46e74a0274c4bab3d99c7abe4897,
        type: 3}
      propertyPath: m_LocalEulerAnglesHint.z
      value: 0
      objectReference: {fileID: 0}
    m_RemovedComponents: []
  m_SourcePrefab: {fileID: 100100000, guid: 342f46e74a0274c4bab3d99c7abe4897, type: 3}
--- !u!4 &6998128371540200595 stripped
Transform:
  m_CorrespondingSourceObject: {fileID: 1973064473812171696, guid: 342f46e74a0274c4bab3d99c7abe4897,
    type: 3}
  m_PrefabInstance: {fileID: 8827023394390734627}
  m_PrefabAsset: {fileID: 0}
