%YAML 1.1
%TAG !u! tag:unity3d.com,2011:
--- !u!1 &4314748120091913684
GameObject:
  m_ObjectHideFlags: 0
  m_CorrespondingSourceObject: {fileID: 0}
  m_PrefabInstance: {fileID: 0}
  m_PrefabAsset: {fileID: 0}
  serializedVersion: 6
  m_Component:
  - component: {fileID: 1366884172980675335}
  m_Layer: 0
  m_Name: Market_POI_03
  m_TagString: Untagged
  m_Icon: {fileID: 0}
  m_NavMeshLayer: 0
  m_StaticEditorFlags: 0
  m_IsActive: 1
--- !u!4 &1366884172980675335
Transform:
  m_ObjectHideFlags: 0
  m_CorrespondingSourceObject: {fileID: 0}
  m_PrefabInstance: {fileID: 0}
  m_PrefabAsset: {fileID: 0}
  m_GameObject: {fileID: 4314748120091913684}
  m_LocalRotation: {x: 0, y: 0, z: 0, w: 1}
  m_LocalPosition: {x: 0, y: 0, z: 0}
  m_LocalScale: {x: 1, y: 1, z: 1}
  m_Children:
  - {fileID: 2559285328519604814}
  - {fileID: 8283543732906456454}
  - {fileID: 7472569701485416606}
  - {fileID: 3787463547058955026}
  - {fileID: 3787463546649459230}
  - {fileID: 3787463546812799744}
  - {fileID: 3787463546904731342}
  - {fileID: 7011179041031758246}
  - {fileID: 4477436634180307165}
  - {fileID: 7467783125641013432}
  - {fileID: 9144474295945696497}
  - {fileID: 3787463546476123654}
  - {fileID: 3787463545578617888}
  - {fileID: 1957952658101468734}
  - {fileID: 4722736899999439375}
  - {fileID: 5121758673233369224}
  - {fileID: 1333137667983792546}
  m_Father: {fileID: 0}
  m_RootOrder: 0
  m_LocalEulerAnglesHint: {x: 0, y: 0, z: 0}
--- !u!1001 &1333137667983577948
PrefabInstance:
  m_ObjectHideFlags: 0
  serializedVersion: 2
  m_Modification:
    m_TransformParent: {fileID: 1366884172980675335}
    m_Modifications:
    - target: {fileID: 173856, guid: 49f6f01a4f008d34689f444d3e362c91, type: 3}
      propertyPath: m_Name
      value: fe_vil_cc_chaindiagonal01
      objectReference: {fileID: 0}
    - target: {fileID: 477950, guid: 49f6f01a4f008d34689f444d3e362c91, type: 3}
      propertyPath: m_LocalPosition.x
      value: -4
      objectReference: {fileID: 0}
    - target: {fileID: 477950, guid: 49f6f01a4f008d34689f444d3e362c91, type: 3}
      propertyPath: m_LocalPosition.y
      value: 0
      objectReference: {fileID: 0}
    - target: {fileID: 477950, guid: 49f6f01a4f008d34689f444d3e362c91, type: 3}
      propertyPath: m_LocalPosition.z
      value: -2.1
      objectReference: {fileID: 0}
    - target: {fileID: 477950, guid: 49f6f01a4f008d34689f444d3e362c91, type: 3}
      propertyPath: m_LocalRotation.x
      value: -0
      objectReference: {fileID: 0}
    - target: {fileID: 477950, guid: 49f6f01a4f008d34689f444d3e362c91, type: 3}
      propertyPath: m_LocalRotation.y
      value: 0.7071068
      objectReference: {fileID: 0}
    - target: {fileID: 477950, guid: 49f6f01a4f008d34689f444d3e362c91, type: 3}
      propertyPath: m_LocalRotation.z
      value: -0
      objectReference: {fileID: 0}
    - target: {fileID: 477950, guid: 49f6f01a4f008d34689f444d3e362c91, type: 3}
      propertyPath: m_LocalRotation.w
      value: 0.7071068
      objectReference: {fileID: 0}
    - target: {fileID: 477950, guid: 49f6f01a4f008d34689f444d3e362c91, type: 3}
      propertyPath: m_RootOrder
      value: 16
      objectReference: {fileID: 0}
    - target: {fileID: 477950, guid: 49f6f01a4f008d34689f444d3e362c91, type: 3}
      propertyPath: m_LocalEulerAnglesHint.x
      value: 0
      objectReference: {fileID: 0}
    - target: {fileID: 477950, guid: 49f6f01a4f008d34689f444d3e362c91, type: 3}
      propertyPath: m_LocalEulerAnglesHint.y
      value: 90
      objectReference: {fileID: 0}
    - target: {fileID: 477950, guid: 49f6f01a4f008d34689f444d3e362c91, type: 3}
      propertyPath: m_LocalEulerAnglesHint.z
      value: 0
      objectReference: {fileID: 0}
    m_RemovedComponents: []
  m_SourcePrefab: {fileID: 100100000, guid: 49f6f01a4f008d34689f444d3e362c91, type: 3}
--- !u!4 &1333137667983792546 stripped
Transform:
  m_CorrespondingSourceObject: {fileID: 477950, guid: 49f6f01a4f008d34689f444d3e362c91,
    type: 3}
  m_PrefabInstance: {fileID: 1333137667983577948}
  m_PrefabAsset: {fileID: 0}
--- !u!1001 &1957952658101515456
PrefabInstance:
  m_ObjectHideFlags: 0
  serializedVersion: 2
  m_Modification:
    m_TransformParent: {fileID: 1366884172980675335}
    m_Modifications:
    - target: {fileID: 173856, guid: 49f6f01a4f008d34689f444d3e362c91, type: 3}
      propertyPath: m_Name
      value: fe_vil_cc_chaindiagonal01
      objectReference: {fileID: 0}
    - target: {fileID: 477950, guid: 49f6f01a4f008d34689f444d3e362c91, type: 3}
      propertyPath: m_LocalPosition.x
      value: 4
      objectReference: {fileID: 0}
    - target: {fileID: 477950, guid: 49f6f01a4f008d34689f444d3e362c91, type: 3}
      propertyPath: m_LocalPosition.y
      value: 0
      objectReference: {fileID: 0}
    - target: {fileID: 477950, guid: 49f6f01a4f008d34689f444d3e362c91, type: 3}
      propertyPath: m_LocalPosition.z
      value: 2.1
      objectReference: {fileID: 0}
    - target: {fileID: 477950, guid: 49f6f01a4f008d34689f444d3e362c91, type: 3}
      propertyPath: m_LocalRotation.x
      value: -0
      objectReference: {fileID: 0}
    - target: {fileID: 477950, guid: 49f6f01a4f008d34689f444d3e362c91, type: 3}
      propertyPath: m_LocalRotation.y
      value: -0.7071068
      objectReference: {fileID: 0}
    - target: {fileID: 477950, guid: 49f6f01a4f008d34689f444d3e362c91, type: 3}
      propertyPath: m_LocalRotation.z
      value: -0
      objectReference: {fileID: 0}
    - target: {fileID: 477950, guid: 49f6f01a4f008d34689f444d3e362c91, type: 3}
      propertyPath: m_LocalRotation.w
      value: 0.7071068
      objectReference: {fileID: 0}
    - target: {fileID: 477950, guid: 49f6f01a4f008d34689f444d3e362c91, type: 3}
      propertyPath: m_RootOrder
      value: 13
      objectReference: {fileID: 0}
    - target: {fileID: 477950, guid: 49f6f01a4f008d34689f444d3e362c91, type: 3}
      propertyPath: m_LocalEulerAnglesHint.x
      value: 0
      objectReference: {fileID: 0}
    - target: {fileID: 477950, guid: 49f6f01a4f008d34689f444d3e362c91, type: 3}
      propertyPath: m_LocalEulerAnglesHint.y
      value: -90
      objectReference: {fileID: 0}
    - target: {fileID: 477950, guid: 49f6f01a4f008d34689f444d3e362c91, type: 3}
      propertyPath: m_LocalEulerAnglesHint.z
      value: 0
      objectReference: {fileID: 0}
    m_RemovedComponents: []
  m_SourcePrefab: {fileID: 100100000, guid: 49f6f01a4f008d34689f444d3e362c91, type: 3}
--- !u!4 &1957952658101468734 stripped
Transform:
  m_CorrespondingSourceObject: {fileID: 477950, guid: 49f6f01a4f008d34689f444d3e362c91,
    type: 3}
  m_PrefabInstance: {fileID: 1957952658101515456}
  m_PrefabAsset: {fileID: 0}
--- !u!1001 &2559285328519190494
PrefabInstance:
  m_ObjectHideFlags: 0
  serializedVersion: 2
  m_Modification:
    m_TransformParent: {fileID: 1366884172980675335}
    m_Modifications:
    - target: {fileID: 179418, guid: 520de4ace4e4f154aa6fd5b688071343, type: 3}
      propertyPath: m_Name
      value: fe_vil_well_large02D_woodtileA
      objectReference: {fileID: 0}
    - target: {fileID: 458128, guid: 520de4ace4e4f154aa6fd5b688071343, type: 3}
      propertyPath: m_LocalPosition.x
      value: 0
      objectReference: {fileID: 0}
    - target: {fileID: 458128, guid: 520de4ace4e4f154aa6fd5b688071343, type: 3}
      propertyPath: m_LocalPosition.y
      value: 0.375
      objectReference: {fileID: 0}
    - target: {fileID: 458128, guid: 520de4ace4e4f154aa6fd5b688071343, type: 3}
      propertyPath: m_LocalPosition.z
      value: 0
      objectReference: {fileID: 0}
    - target: {fileID: 458128, guid: 520de4ace4e4f154aa6fd5b688071343, type: 3}
      propertyPath: m_LocalRotation.x
      value: -0
      objectReference: {fileID: 0}
    - target: {fileID: 458128, guid: 520de4ace4e4f154aa6fd5b688071343, type: 3}
      propertyPath: m_LocalRotation.y
      value: -0
      objectReference: {fileID: 0}
    - target: {fileID: 458128, guid: 520de4ace4e4f154aa6fd5b688071343, type: 3}
      propertyPath: m_LocalRotation.z
      value: -0
      objectReference: {fileID: 0}
    - target: {fileID: 458128, guid: 520de4ace4e4f154aa6fd5b688071343, type: 3}
      propertyPath: m_LocalRotation.w
      value: 1
      objectReference: {fileID: 0}
    - target: {fileID: 458128, guid: 520de4ace4e4f154aa6fd5b688071343, type: 3}
      propertyPath: m_RootOrder
      value: 0
      objectReference: {fileID: 0}
    - target: {fileID: 458128, guid: 520de4ace4e4f154aa6fd5b688071343, type: 3}
      propertyPath: m_LocalEulerAnglesHint.x
      value: 0
      objectReference: {fileID: 0}
    - target: {fileID: 458128, guid: 520de4ace4e4f154aa6fd5b688071343, type: 3}
      propertyPath: m_LocalEulerAnglesHint.y
      value: 0
      objectReference: {fileID: 0}
    - target: {fileID: 458128, guid: 520de4ace4e4f154aa6fd5b688071343, type: 3}
      propertyPath: m_LocalEulerAnglesHint.z
      value: 0
      objectReference: {fileID: 0}
    m_RemovedComponents: []
  m_SourcePrefab: {fileID: 100100000, guid: 520de4ace4e4f154aa6fd5b688071343, type: 3}
--- !u!4 &2559285328519604814 stripped
Transform:
  m_CorrespondingSourceObject: {fileID: 458128, guid: 520de4ace4e4f154aa6fd5b688071343,
    type: 3}
  m_PrefabInstance: {fileID: 2559285328519190494}
  m_PrefabAsset: {fileID: 0}
--- !u!1001 &3787463545578458394
PrefabInstance:
  m_ObjectHideFlags: 0
  serializedVersion: 2
  m_Modification:
    m_TransformParent: {fileID: 1366884172980675335}
    m_Modifications:
    - target: {fileID: 128674, guid: e47ad9c5d6e7434478a1be46b2bb26d7, type: 3}
      propertyPath: m_Name
      value: fe_vil_cc_basewallarch_01b
      objectReference: {fileID: 0}
    - target: {fileID: 422202, guid: e47ad9c5d6e7434478a1be46b2bb26d7, type: 3}
      propertyPath: m_LocalPosition.x
      value: -4
      objectReference: {fileID: 0}
    - target: {fileID: 422202, guid: e47ad9c5d6e7434478a1be46b2bb26d7, type: 3}
      propertyPath: m_LocalPosition.y
      value: -1
      objectReference: {fileID: 0}
    - target: {fileID: 422202, guid: e47ad9c5d6e7434478a1be46b2bb26d7, type: 3}
      propertyPath: m_LocalPosition.z
      value: 0
      objectReference: {fileID: 0}
    - target: {fileID: 422202, guid: e47ad9c5d6e7434478a1be46b2bb26d7, type: 3}
      propertyPath: m_LocalRotation.x
      value: -0
      objectReference: {fileID: 0}
    - target: {fileID: 422202, guid: e47ad9c5d6e7434478a1be46b2bb26d7, type: 3}
      propertyPath: m_LocalRotation.y
      value: -0
      objectReference: {fileID: 0}
    - target: {fileID: 422202, guid: e47ad9c5d6e7434478a1be46b2bb26d7, type: 3}
      propertyPath: m_LocalRotation.z
      value: -0
      objectReference: {fileID: 0}
    - target: {fileID: 422202, guid: e47ad9c5d6e7434478a1be46b2bb26d7, type: 3}
      propertyPath: m_LocalRotation.w
      value: 1
      objectReference: {fileID: 0}
    - target: {fileID: 422202, guid: e47ad9c5d6e7434478a1be46b2bb26d7, type: 3}
      propertyPath: m_RootOrder
      value: 12
      objectReference: {fileID: 0}
    - target: {fileID: 422202, guid: e47ad9c5d6e7434478a1be46b2bb26d7, type: 3}
      propertyPath: m_LocalEulerAnglesHint.x
      value: 0
      objectReference: {fileID: 0}
    - target: {fileID: 422202, guid: e47ad9c5d6e7434478a1be46b2bb26d7, type: 3}
      propertyPath: m_LocalEulerAnglesHint.y
      value: 0
      objectReference: {fileID: 0}
    - target: {fileID: 422202, guid: e47ad9c5d6e7434478a1be46b2bb26d7, type: 3}
      propertyPath: m_LocalEulerAnglesHint.z
      value: 0
      objectReference: {fileID: 0}
    m_RemovedComponents: []
  m_SourcePrefab: {fileID: 100100000, guid: e47ad9c5d6e7434478a1be46b2bb26d7, type: 3}
--- !u!4 &3787463545578617888 stripped
Transform:
  m_CorrespondingSourceObject: {fileID: 422202, guid: e47ad9c5d6e7434478a1be46b2bb26d7,
    type: 3}
  m_PrefabInstance: {fileID: 3787463545578458394}
  m_PrefabAsset: {fileID: 0}
--- !u!1001 &3787463546476242748
PrefabInstance:
  m_ObjectHideFlags: 0
  serializedVersion: 2
  m_Modification:
    m_TransformParent: {fileID: 1366884172980675335}
    m_Modifications:
    - target: {fileID: 128674, guid: e47ad9c5d6e7434478a1be46b2bb26d7, type: 3}
      propertyPath: m_Name
      value: fe_vil_cc_basewallarch_01b
      objectReference: {fileID: 0}
    - target: {fileID: 422202, guid: e47ad9c5d6e7434478a1be46b2bb26d7, type: 3}
      propertyPath: m_LocalPosition.x
      value: 4
      objectReference: {fileID: 0}
    - target: {fileID: 422202, guid: e47ad9c5d6e7434478a1be46b2bb26d7, type: 3}
      propertyPath: m_LocalPosition.y
      value: -1
      objectReference: {fileID: 0}
    - target: {fileID: 422202, guid: e47ad9c5d6e7434478a1be46b2bb26d7, type: 3}
      propertyPath: m_LocalPosition.z
      value: 0
      objectReference: {fileID: 0}
    - target: {fileID: 422202, guid: e47ad9c5d6e7434478a1be46b2bb26d7, type: 3}
      propertyPath: m_LocalRotation.x
      value: -0
      objectReference: {fileID: 0}
    - target: {fileID: 422202, guid: e47ad9c5d6e7434478a1be46b2bb26d7, type: 3}
      propertyPath: m_LocalRotation.y
      value: -0
      objectReference: {fileID: 0}
    - target: {fileID: 422202, guid: e47ad9c5d6e7434478a1be46b2bb26d7, type: 3}
      propertyPath: m_LocalRotation.z
      value: -0
      objectReference: {fileID: 0}
    - target: {fileID: 422202, guid: e47ad9c5d6e7434478a1be46b2bb26d7, type: 3}
      propertyPath: m_LocalRotation.w
      value: 1
      objectReference: {fileID: 0}
    - target: {fileID: 422202, guid: e47ad9c5d6e7434478a1be46b2bb26d7, type: 3}
      propertyPath: m_RootOrder
      value: 11
      objectReference: {fileID: 0}
    - target: {fileID: 422202, guid: e47ad9c5d6e7434478a1be46b2bb26d7, type: 3}
      propertyPath: m_LocalEulerAnglesHint.x
      value: 0
      objectReference: {fileID: 0}
    - target: {fileID: 422202, guid: e47ad9c5d6e7434478a1be46b2bb26d7, type: 3}
      propertyPath: m_LocalEulerAnglesHint.y
      value: 0
      objectReference: {fileID: 0}
    - target: {fileID: 422202, guid: e47ad9c5d6e7434478a1be46b2bb26d7, type: 3}
      propertyPath: m_LocalEulerAnglesHint.z
      value: 0
      objectReference: {fileID: 0}
    m_RemovedComponents: []
  m_SourcePrefab: {fileID: 100100000, guid: e47ad9c5d6e7434478a1be46b2bb26d7, type: 3}
--- !u!4 &3787463546476123654 stripped
Transform:
  m_CorrespondingSourceObject: {fileID: 422202, guid: e47ad9c5d6e7434478a1be46b2bb26d7,
    type: 3}
  m_PrefabInstance: {fileID: 3787463546476242748}
  m_PrefabAsset: {fileID: 0}
--- !u!1001 &3787463546649845918
PrefabInstance:
  m_ObjectHideFlags: 0
  serializedVersion: 2
  m_Modification:
    m_TransformParent: {fileID: 1366884172980675335}
    m_Modifications:
    - target: {fileID: 100000, guid: 6b589bde57c751848bc7904cfa491265, type: 3}
      propertyPath: m_Name
      value: fi_vil_brazier_large01
      objectReference: {fileID: 0}
    - target: {fileID: 400000, guid: 6b589bde57c751848bc7904cfa491265, type: 3}
      propertyPath: m_LocalPosition.x
      value: -1.309
      objectReference: {fileID: 0}
    - target: {fileID: 400000, guid: 6b589bde57c751848bc7904cfa491265, type: 3}
      propertyPath: m_LocalPosition.y
      value: 0.375
      objectReference: {fileID: 0}
    - target: {fileID: 400000, guid: 6b589bde57c751848bc7904cfa491265, type: 3}
      propertyPath: m_LocalPosition.z
      value: -1.326
      objectReference: {fileID: 0}
    - target: {fileID: 400000, guid: 6b589bde57c751848bc7904cfa491265, type: 3}
      propertyPath: m_LocalRotation.x
      value: -0
      objectReference: {fileID: 0}
    - target: {fileID: 400000, guid: 6b589bde57c751848bc7904cfa491265, type: 3}
      propertyPath: m_LocalRotation.y
      value: -0.38268274
      objectReference: {fileID: 0}
    - target: {fileID: 400000, guid: 6b589bde57c751848bc7904cfa491265, type: 3}
      propertyPath: m_LocalRotation.z
      value: -0
      objectReference: {fileID: 0}
    - target: {fileID: 400000, guid: 6b589bde57c751848bc7904cfa491265, type: 3}
      propertyPath: m_LocalRotation.w
      value: 0.9238798
      objectReference: {fileID: 0}
    - target: {fileID: 400000, guid: 6b589bde57c751848bc7904cfa491265, type: 3}
      propertyPath: m_RootOrder
      value: 4
      objectReference: {fileID: 0}
    - target: {fileID: 400000, guid: 6b589bde57c751848bc7904cfa491265, type: 3}
      propertyPath: m_LocalEulerAnglesHint.x
      value: 0
      objectReference: {fileID: 0}
    - target: {fileID: 400000, guid: 6b589bde57c751848bc7904cfa491265, type: 3}
      propertyPath: m_LocalEulerAnglesHint.y
      value: -45.000004
      objectReference: {fileID: 0}
    - target: {fileID: 400000, guid: 6b589bde57c751848bc7904cfa491265, type: 3}
      propertyPath: m_LocalEulerAnglesHint.z
      value: 0
      objectReference: {fileID: 0}
    m_RemovedComponents: []
  m_SourcePrefab: {fileID: 100100000, guid: 6b589bde57c751848bc7904cfa491265, type: 3}
--- !u!4 &3787463546649459230 stripped
Transform:
  m_CorrespondingSourceObject: {fileID: 400000, guid: 6b589bde57c751848bc7904cfa491265,
    type: 3}
  m_PrefabInstance: {fileID: 3787463546649845918}
  m_PrefabAsset: {fileID: 0}
--- !u!1001 &3787463546812662144
PrefabInstance:
  m_ObjectHideFlags: 0
  serializedVersion: 2
  m_Modification:
    m_TransformParent: {fileID: 1366884172980675335}
    m_Modifications:
    - target: {fileID: 100000, guid: 6b589bde57c751848bc7904cfa491265, type: 3}
      propertyPath: m_Name
      value: fi_vil_brazier_large01
      objectReference: {fileID: 0}
    - target: {fileID: 400000, guid: 6b589bde57c751848bc7904cfa491265, type: 3}
      propertyPath: m_LocalPosition.x
      value: -1.3089999
      objectReference: {fileID: 0}
    - target: {fileID: 400000, guid: 6b589bde57c751848bc7904cfa491265, type: 3}
      propertyPath: m_LocalPosition.y
      value: 0.375
      objectReference: {fileID: 0}
    - target: {fileID: 400000, guid: 6b589bde57c751848bc7904cfa491265, type: 3}
      propertyPath: m_LocalPosition.z
      value: 1.331
      objectReference: {fileID: 0}
    - target: {fileID: 400000, guid: 6b589bde57c751848bc7904cfa491265, type: 3}
      propertyPath: m_LocalRotation.x
      value: -0
      objectReference: {fileID: 0}
    - target: {fileID: 400000, guid: 6b589bde57c751848bc7904cfa491265, type: 3}
      propertyPath: m_LocalRotation.y
      value: -0.38268274
      objectReference: {fileID: 0}
    - target: {fileID: 400000, guid: 6b589bde57c751848bc7904cfa491265, type: 3}
      propertyPath: m_LocalRotation.z
      value: -0
      objectReference: {fileID: 0}
    - target: {fileID: 400000, guid: 6b589bde57c751848bc7904cfa491265, type: 3}
      propertyPath: m_LocalRotation.w
      value: 0.9238798
      objectReference: {fileID: 0}
    - target: {fileID: 400000, guid: 6b589bde57c751848bc7904cfa491265, type: 3}
      propertyPath: m_RootOrder
      value: 5
      objectReference: {fileID: 0}
    - target: {fileID: 400000, guid: 6b589bde57c751848bc7904cfa491265, type: 3}
      propertyPath: m_LocalEulerAnglesHint.x
      value: 0
      objectReference: {fileID: 0}
    - target: {fileID: 400000, guid: 6b589bde57c751848bc7904cfa491265, type: 3}
      propertyPath: m_LocalEulerAnglesHint.y
      value: -45.000004
      objectReference: {fileID: 0}
    - target: {fileID: 400000, guid: 6b589bde57c751848bc7904cfa491265, type: 3}
      propertyPath: m_LocalEulerAnglesHint.z
      value: 0
      objectReference: {fileID: 0}
    m_RemovedComponents: []
  m_SourcePrefab: {fileID: 100100000, guid: 6b589bde57c751848bc7904cfa491265, type: 3}
--- !u!4 &3787463546812799744 stripped
Transform:
  m_CorrespondingSourceObject: {fileID: 400000, guid: 6b589bde57c751848bc7904cfa491265,
    type: 3}
  m_PrefabInstance: {fileID: 3787463546812662144}
  m_PrefabAsset: {fileID: 0}
--- !u!1001 &3787463546904331342
PrefabInstance:
  m_ObjectHideFlags: 0
  serializedVersion: 2
  m_Modification:
    m_TransformParent: {fileID: 1366884172980675335}
    m_Modifications:
    - target: {fileID: 100000, guid: 6b589bde57c751848bc7904cfa491265, type: 3}
      propertyPath: m_Name
      value: fi_vil_brazier_large01
      objectReference: {fileID: 0}
    - target: {fileID: 400000, guid: 6b589bde57c751848bc7904cfa491265, type: 3}
      propertyPath: m_LocalPosition.x
      value: 1.337
      objectReference: {fileID: 0}
    - target: {fileID: 400000, guid: 6b589bde57c751848bc7904cfa491265, type: 3}
      propertyPath: m_LocalPosition.y
      value: 0.375
      objectReference: {fileID: 0}
    - target: {fileID: 400000, guid: 6b589bde57c751848bc7904cfa491265, type: 3}
      propertyPath: m_LocalPosition.z
      value: -1.326
      objectReference: {fileID: 0}
    - target: {fileID: 400000, guid: 6b589bde57c751848bc7904cfa491265, type: 3}
      propertyPath: m_LocalRotation.x
      value: -0
      objectReference: {fileID: 0}
    - target: {fileID: 400000, guid: 6b589bde57c751848bc7904cfa491265, type: 3}
      propertyPath: m_LocalRotation.y
      value: -0.38268274
      objectReference: {fileID: 0}
    - target: {fileID: 400000, guid: 6b589bde57c751848bc7904cfa491265, type: 3}
      propertyPath: m_LocalRotation.z
      value: -0
      objectReference: {fileID: 0}
    - target: {fileID: 400000, guid: 6b589bde57c751848bc7904cfa491265, type: 3}
      propertyPath: m_LocalRotation.w
      value: 0.9238798
      objectReference: {fileID: 0}
    - target: {fileID: 400000, guid: 6b589bde57c751848bc7904cfa491265, type: 3}
      propertyPath: m_RootOrder
      value: 6
      objectReference: {fileID: 0}
    - target: {fileID: 400000, guid: 6b589bde57c751848bc7904cfa491265, type: 3}
      propertyPath: m_LocalEulerAnglesHint.x
      value: 0
      objectReference: {fileID: 0}
    - target: {fileID: 400000, guid: 6b589bde57c751848bc7904cfa491265, type: 3}
      propertyPath: m_LocalEulerAnglesHint.y
      value: -45.000004
      objectReference: {fileID: 0}
    - target: {fileID: 400000, guid: 6b589bde57c751848bc7904cfa491265, type: 3}
      propertyPath: m_LocalEulerAnglesHint.z
      value: 0
      objectReference: {fileID: 0}
    m_RemovedComponents: []
  m_SourcePrefab: {fileID: 100100000, guid: 6b589bde57c751848bc7904cfa491265, type: 3}
--- !u!4 &3787463546904731342 stripped
Transform:
  m_CorrespondingSourceObject: {fileID: 400000, guid: 6b589bde57c751848bc7904cfa491265,
    type: 3}
  m_PrefabInstance: {fileID: 3787463546904331342}
  m_PrefabAsset: {fileID: 0}
--- !u!1001 &3787463547059354002
PrefabInstance:
  m_ObjectHideFlags: 0
  serializedVersion: 2
  m_Modification:
    m_TransformParent: {fileID: 1366884172980675335}
    m_Modifications:
    - target: {fileID: 100000, guid: 6b589bde57c751848bc7904cfa491265, type: 3}
      propertyPath: m_Name
      value: fi_vil_brazier_large01
      objectReference: {fileID: 0}
    - target: {fileID: 400000, guid: 6b589bde57c751848bc7904cfa491265, type: 3}
      propertyPath: m_LocalPosition.x
      value: 1.337
      objectReference: {fileID: 0}
    - target: {fileID: 400000, guid: 6b589bde57c751848bc7904cfa491265, type: 3}
      propertyPath: m_LocalPosition.y
      value: 0.375
      objectReference: {fileID: 0}
    - target: {fileID: 400000, guid: 6b589bde57c751848bc7904cfa491265, type: 3}
      propertyPath: m_LocalPosition.z
      value: 1.331
      objectReference: {fileID: 0}
    - target: {fileID: 400000, guid: 6b589bde57c751848bc7904cfa491265, type: 3}
      propertyPath: m_LocalRotation.x
      value: -0
      objectReference: {fileID: 0}
    - target: {fileID: 400000, guid: 6b589bde57c751848bc7904cfa491265, type: 3}
      propertyPath: m_LocalRotation.y
      value: -0.38268274
      objectReference: {fileID: 0}
    - target: {fileID: 400000, guid: 6b589bde57c751848bc7904cfa491265, type: 3}
      propertyPath: m_LocalRotation.z
      value: -0
      objectReference: {fileID: 0}
    - target: {fileID: 400000, guid: 6b589bde57c751848bc7904cfa491265, type: 3}
      propertyPath: m_LocalRotation.w
      value: 0.9238798
      objectReference: {fileID: 0}
    - target: {fileID: 400000, guid: 6b589bde57c751848bc7904cfa491265, type: 3}
      propertyPath: m_RootOrder
      value: 3
      objectReference: {fileID: 0}
    - target: {fileID: 400000, guid: 6b589bde57c751848bc7904cfa491265, type: 3}
      propertyPath: m_LocalEulerAnglesHint.x
      value: 0
      objectReference: {fileID: 0}
    - target: {fileID: 400000, guid: 6b589bde57c751848bc7904cfa491265, type: 3}
      propertyPath: m_LocalEulerAnglesHint.y
      value: -45.000004
      objectReference: {fileID: 0}
    - target: {fileID: 400000, guid: 6b589bde57c751848bc7904cfa491265, type: 3}
      propertyPath: m_LocalEulerAnglesHint.z
      value: 0
      objectReference: {fileID: 0}
    m_RemovedComponents: []
  m_SourcePrefab: {fileID: 100100000, guid: 6b589bde57c751848bc7904cfa491265, type: 3}
--- !u!4 &3787463547058955026 stripped
Transform:
  m_CorrespondingSourceObject: {fileID: 400000, guid: 6b589bde57c751848bc7904cfa491265,
    type: 3}
  m_PrefabInstance: {fileID: 3787463547059354002}
  m_PrefabAsset: {fileID: 0}
--- !u!1001 &4477436634180376477
PrefabInstance:
  m_ObjectHideFlags: 0
  serializedVersion: 2
  m_Modification:
    m_TransformParent: {fileID: 1366884172980675335}
    m_Modifications:
    - target: {fileID: 198752, guid: 7823e57245d2ee34d995f8236ebc7c73, type: 3}
      propertyPath: m_Name
      value: fe_vil_barrel_S1a
      objectReference: {fileID: 0}
    - target: {fileID: 466752, guid: 7823e57245d2ee34d995f8236ebc7c73, type: 3}
      propertyPath: m_LocalPosition.x
      value: 1.288492
      objectReference: {fileID: 0}
    - target: {fileID: 466752, guid: 7823e57245d2ee34d995f8236ebc7c73, type: 3}
      propertyPath: m_LocalPosition.y
      value: 0.375
      objectReference: {fileID: 0}
    - target: {fileID: 466752, guid: 7823e57245d2ee34d995f8236ebc7c73, type: 3}
      propertyPath: m_LocalPosition.z
      value: -0.6610952
      objectReference: {fileID: 0}
    - target: {fileID: 466752, guid: 7823e57245d2ee34d995f8236ebc7c73, type: 3}
      propertyPath: m_LocalRotation.x
      value: -0
      objectReference: {fileID: 0}
    - target: {fileID: 466752, guid: 7823e57245d2ee34d995f8236ebc7c73, type: 3}
      propertyPath: m_LocalRotation.y
      value: -0
      objectReference: {fileID: 0}
    - target: {fileID: 466752, guid: 7823e57245d2ee34d995f8236ebc7c73, type: 3}
      propertyPath: m_LocalRotation.z
      value: -0
      objectReference: {fileID: 0}
    - target: {fileID: 466752, guid: 7823e57245d2ee34d995f8236ebc7c73, type: 3}
      propertyPath: m_LocalRotation.w
      value: 1
      objectReference: {fileID: 0}
    - target: {fileID: 466752, guid: 7823e57245d2ee34d995f8236ebc7c73, type: 3}
      propertyPath: m_RootOrder
      value: 8
      objectReference: {fileID: 0}
    - target: {fileID: 466752, guid: 7823e57245d2ee34d995f8236ebc7c73, type: 3}
      propertyPath: m_LocalEulerAnglesHint.x
      value: 0
      objectReference: {fileID: 0}
    - target: {fileID: 466752, guid: 7823e57245d2ee34d995f8236ebc7c73, type: 3}
      propertyPath: m_LocalEulerAnglesHint.y
      value: 0
      objectReference: {fileID: 0}
    - target: {fileID: 466752, guid: 7823e57245d2ee34d995f8236ebc7c73, type: 3}
      propertyPath: m_LocalEulerAnglesHint.z
      value: 0
      objectReference: {fileID: 0}
    m_RemovedComponents: []
  m_SourcePrefab: {fileID: 100100000, guid: 7823e57245d2ee34d995f8236ebc7c73, type: 3}
--- !u!4 &4477436634180307165 stripped
Transform:
  m_CorrespondingSourceObject: {fileID: 466752, guid: 7823e57245d2ee34d995f8236ebc7c73,
    type: 3}
  m_PrefabInstance: {fileID: 4477436634180376477}
  m_PrefabAsset: {fileID: 0}
--- !u!1001 &4722736899999912177
PrefabInstance:
  m_ObjectHideFlags: 0
  serializedVersion: 2
  m_Modification:
    m_TransformParent: {fileID: 1366884172980675335}
    m_Modifications:
    - target: {fileID: 173856, guid: 49f6f01a4f008d34689f444d3e362c91, type: 3}
      propertyPath: m_Name
      value: fe_vil_cc_chaindiagonal01
      objectReference: {fileID: 0}
    - target: {fileID: 477950, guid: 49f6f01a4f008d34689f444d3e362c91, type: 3}
      propertyPath: m_LocalPosition.x
      value: 4
      objectReference: {fileID: 0}
    - target: {fileID: 477950, guid: 49f6f01a4f008d34689f444d3e362c91, type: 3}
      propertyPath: m_LocalPosition.y
      value: 0
      objectReference: {fileID: 0}
    - target: {fileID: 477950, guid: 49f6f01a4f008d34689f444d3e362c91, type: 3}
      propertyPath: m_LocalPosition.z
      value: -2.1
      objectReference: {fileID: 0}
    - target: {fileID: 477950, guid: 49f6f01a4f008d34689f444d3e362c91, type: 3}
      propertyPath: m_LocalRotation.x
      value: -0
      objectReference: {fileID: 0}
    - target: {fileID: 477950, guid: 49f6f01a4f008d34689f444d3e362c91, type: 3}
      propertyPath: m_LocalRotation.y
      value: 0.7071068
      objectReference: {fileID: 0}
    - target: {fileID: 477950, guid: 49f6f01a4f008d34689f444d3e362c91, type: 3}
      propertyPath: m_LocalRotation.z
      value: -0
      objectReference: {fileID: 0}
    - target: {fileID: 477950, guid: 49f6f01a4f008d34689f444d3e362c91, type: 3}
      propertyPath: m_LocalRotation.w
      value: 0.7071068
      objectReference: {fileID: 0}
    - target: {fileID: 477950, guid: 49f6f01a4f008d34689f444d3e362c91, type: 3}
      propertyPath: m_RootOrder
      value: 14
      objectReference: {fileID: 0}
    - target: {fileID: 477950, guid: 49f6f01a4f008d34689f444d3e362c91, type: 3}
      propertyPath: m_LocalEulerAnglesHint.x
      value: 0
      objectReference: {fileID: 0}
    - target: {fileID: 477950, guid: 49f6f01a4f008d34689f444d3e362c91, type: 3}
      propertyPath: m_LocalEulerAnglesHint.y
      value: 90
      objectReference: {fileID: 0}
    - target: {fileID: 477950, guid: 49f6f01a4f008d34689f444d3e362c91, type: 3}
      propertyPath: m_LocalEulerAnglesHint.z
      value: 0
      objectReference: {fileID: 0}
    m_RemovedComponents: []
  m_SourcePrefab: {fileID: 100100000, guid: 49f6f01a4f008d34689f444d3e362c91, type: 3}
--- !u!4 &4722736899999439375 stripped
Transform:
  m_CorrespondingSourceObject: {fileID: 477950, guid: 49f6f01a4f008d34689f444d3e362c91,
    type: 3}
  m_PrefabInstance: {fileID: 4722736899999912177}
  m_PrefabAsset: {fileID: 0}
--- !u!1001 &5121758673233678966
PrefabInstance:
  m_ObjectHideFlags: 0
  serializedVersion: 2
  m_Modification:
    m_TransformParent: {fileID: 1366884172980675335}
    m_Modifications:
    - target: {fileID: 173856, guid: 49f6f01a4f008d34689f444d3e362c91, type: 3}
      propertyPath: m_Name
      value: fe_vil_cc_chaindiagonal01
      objectReference: {fileID: 0}
    - target: {fileID: 477950, guid: 49f6f01a4f008d34689f444d3e362c91, type: 3}
      propertyPath: m_LocalPosition.x
      value: -4
      objectReference: {fileID: 0}
    - target: {fileID: 477950, guid: 49f6f01a4f008d34689f444d3e362c91, type: 3}
      propertyPath: m_LocalPosition.y
      value: 0
      objectReference: {fileID: 0}
    - target: {fileID: 477950, guid: 49f6f01a4f008d34689f444d3e362c91, type: 3}
      propertyPath: m_LocalPosition.z
      value: 2.1
      objectReference: {fileID: 0}
    - target: {fileID: 477950, guid: 49f6f01a4f008d34689f444d3e362c91, type: 3}
      propertyPath: m_LocalRotation.x
      value: -0
      objectReference: {fileID: 0}
    - target: {fileID: 477950, guid: 49f6f01a4f008d34689f444d3e362c91, type: 3}
      propertyPath: m_LocalRotation.y
      value: -0.7071068
      objectReference: {fileID: 0}
    - target: {fileID: 477950, guid: 49f6f01a4f008d34689f444d3e362c91, type: 3}
      propertyPath: m_LocalRotation.z
      value: -0
      objectReference: {fileID: 0}
    - target: {fileID: 477950, guid: 49f6f01a4f008d34689f444d3e362c91, type: 3}
      propertyPath: m_LocalRotation.w
      value: 0.7071068
      objectReference: {fileID: 0}
    - target: {fileID: 477950, guid: 49f6f01a4f008d34689f444d3e362c91, type: 3}
      propertyPath: m_RootOrder
      value: 15
      objectReference: {fileID: 0}
    - target: {fileID: 477950, guid: 49f6f01a4f008d34689f444d3e362c91, type: 3}
      propertyPath: m_LocalEulerAnglesHint.x
      value: 0
      objectReference: {fileID: 0}
    - target: {fileID: 477950, guid: 49f6f01a4f008d34689f444d3e362c91, type: 3}
      propertyPath: m_LocalEulerAnglesHint.y
      value: -90
      objectReference: {fileID: 0}
    - target: {fileID: 477950, guid: 49f6f01a4f008d34689f444d3e362c91, type: 3}
      propertyPath: m_LocalEulerAnglesHint.z
      value: 0
      objectReference: {fileID: 0}
    m_RemovedComponents: []
  m_SourcePrefab: {fileID: 100100000, guid: 49f6f01a4f008d34689f444d3e362c91, type: 3}
--- !u!4 &5121758673233369224 stripped
Transform:
  m_CorrespondingSourceObject: {fileID: 477950, guid: 49f6f01a4f008d34689f444d3e362c91,
    type: 3}
  m_PrefabInstance: {fileID: 5121758673233678966}
  m_PrefabAsset: {fileID: 0}
--- !u!1001 &7011179041031639792
PrefabInstance:
  m_ObjectHideFlags: 0
  serializedVersion: 2
  m_Modification:
    m_TransformParent: {fileID: 1366884172980675335}
    m_Modifications:
    - target: {fileID: 190448, guid: 3433770c29fdd364b8e62fb4f02d8658, type: 3}
      propertyPath: m_Name
      value: fe_vil_barrel_S4b
      objectReference: {fileID: 0}
    - target: {fileID: 422742, guid: 3433770c29fdd364b8e62fb4f02d8658, type: 3}
      propertyPath: m_LocalPosition.x
      value: -1.278
      objectReference: {fileID: 0}
    - target: {fileID: 422742, guid: 3433770c29fdd364b8e62fb4f02d8658, type: 3}
      propertyPath: m_LocalPosition.y
      value: 0.375
      objectReference: {fileID: 0}
    - target: {fileID: 422742, guid: 3433770c29fdd364b8e62fb4f02d8658, type: 3}
      propertyPath: m_LocalPosition.z
      value: 0.745
      objectReference: {fileID: 0}
    - target: {fileID: 422742, guid: 3433770c29fdd364b8e62fb4f02d8658, type: 3}
      propertyPath: m_LocalRotation.x
      value: -0
      objectReference: {fileID: 0}
    - target: {fileID: 422742, guid: 3433770c29fdd364b8e62fb4f02d8658, type: 3}
      propertyPath: m_LocalRotation.y
      value: -0
      objectReference: {fileID: 0}
    - target: {fileID: 422742, guid: 3433770c29fdd364b8e62fb4f02d8658, type: 3}
      propertyPath: m_LocalRotation.z
      value: -0
      objectReference: {fileID: 0}
    - target: {fileID: 422742, guid: 3433770c29fdd364b8e62fb4f02d8658, type: 3}
      propertyPath: m_LocalRotation.w
      value: 1
      objectReference: {fileID: 0}
    - target: {fileID: 422742, guid: 3433770c29fdd364b8e62fb4f02d8658, type: 3}
      propertyPath: m_RootOrder
      value: 7
      objectReference: {fileID: 0}
    - target: {fileID: 422742, guid: 3433770c29fdd364b8e62fb4f02d8658, type: 3}
      propertyPath: m_LocalEulerAnglesHint.x
      value: 0
      objectReference: {fileID: 0}
    - target: {fileID: 422742, guid: 3433770c29fdd364b8e62fb4f02d8658, type: 3}
      propertyPath: m_LocalEulerAnglesHint.y
      value: 0
      objectReference: {fileID: 0}
    - target: {fileID: 422742, guid: 3433770c29fdd364b8e62fb4f02d8658, type: 3}
      propertyPath: m_LocalEulerAnglesHint.z
      value: 0
      objectReference: {fileID: 0}
    m_RemovedComponents: []
  m_SourcePrefab: {fileID: 100100000, guid: 3433770c29fdd364b8e62fb4f02d8658, type: 3}
--- !u!4 &7011179041031758246 stripped
Transform:
  m_CorrespondingSourceObject: {fileID: 422742, guid: 3433770c29fdd364b8e62fb4f02d8658,
    type: 3}
  m_PrefabInstance: {fileID: 7011179041031639792}
  m_PrefabAsset: {fileID: 0}
--- !u!1001 &7467783125640854754
PrefabInstance:
  m_ObjectHideFlags: 0
  serializedVersion: 2
  m_Modification:
    m_TransformParent: {fileID: 1366884172980675335}
    m_Modifications:
    - target: {fileID: 105310, guid: 4d910865fd142e142a3c230d920ea184, type: 3}
      propertyPath: m_Name
      value: fe_vil_barrel_bucket01b
      objectReference: {fileID: 0}
    - target: {fileID: 496730, guid: 4d910865fd142e142a3c230d920ea184, type: 3}
      propertyPath: m_LocalPosition.x
      value: -0.994
      objectReference: {fileID: 0}
    - target: {fileID: 496730, guid: 4d910865fd142e142a3c230d920ea184, type: 3}
      propertyPath: m_LocalPosition.y
      value: 1.4275254
      objectReference: {fileID: 0}
    - target: {fileID: 496730, guid: 4d910865fd142e142a3c230d920ea184, type: 3}
      propertyPath: m_LocalPosition.z
      value: 0.221
      objectReference: {fileID: 0}
    - target: {fileID: 496730, guid: 4d910865fd142e142a3c230d920ea184, type: 3}
      propertyPath: m_LocalRotation.x
      value: -0
      objectReference: {fileID: 0}
    - target: {fileID: 496730, guid: 4d910865fd142e142a3c230d920ea184, type: 3}
      propertyPath: m_LocalRotation.y
      value: -0.39218482
      objectReference: {fileID: 0}
    - target: {fileID: 496730, guid: 4d910865fd142e142a3c230d920ea184, type: 3}
      propertyPath: m_LocalRotation.z
      value: -0
      objectReference: {fileID: 0}
    - target: {fileID: 496730, guid: 4d910865fd142e142a3c230d920ea184, type: 3}
      propertyPath: m_LocalRotation.w
      value: 0.9198865
      objectReference: {fileID: 0}
    - target: {fileID: 496730, guid: 4d910865fd142e142a3c230d920ea184, type: 3}
      propertyPath: m_RootOrder
      value: 9
      objectReference: {fileID: 0}
    - target: {fileID: 496730, guid: 4d910865fd142e142a3c230d920ea184, type: 3}
      propertyPath: m_LocalEulerAnglesHint.x
      value: 0
      objectReference: {fileID: 0}
    - target: {fileID: 496730, guid: 4d910865fd142e142a3c230d920ea184, type: 3}
      propertyPath: m_LocalEulerAnglesHint.y
      value: -46.181004
      objectReference: {fileID: 0}
    - target: {fileID: 496730, guid: 4d910865fd142e142a3c230d920ea184, type: 3}
      propertyPath: m_LocalEulerAnglesHint.z
      value: 0
      objectReference: {fileID: 0}
    m_RemovedComponents: []
  m_SourcePrefab: {fileID: 100100000, guid: 4d910865fd142e142a3c230d920ea184, type: 3}
--- !u!4 &7467783125641013432 stripped
Transform:
  m_CorrespondingSourceObject: {fileID: 496730, guid: 4d910865fd142e142a3c230d920ea184,
    type: 3}
  m_PrefabInstance: {fileID: 7467783125640854754}
  m_PrefabAsset: {fileID: 0}
--- !u!1001 &7472569701485546012
PrefabInstance:
  m_ObjectHideFlags: 0
  serializedVersion: 2
  m_Modification:
    m_TransformParent: {fileID: 1366884172980675335}
    m_Modifications:
    - target: {fileID: 100002, guid: 46a4647ea11140a40b83c517ef5c3584, type: 3}
      propertyPath: m_Name
      value: 'fi_vil_combs_step_05 '
      objectReference: {fileID: 0}
    - target: {fileID: 400002, guid: 46a4647ea11140a40b83c517ef5c3584, type: 3}
      propertyPath: m_LocalPosition.x
      value: 0
      objectReference: {fileID: 0}
    - target: {fileID: 400002, guid: 46a4647ea11140a40b83c517ef5c3584, type: 3}
      propertyPath: m_LocalPosition.y
      value: 0
      objectReference: {fileID: 0}
    - target: {fileID: 400002, guid: 46a4647ea11140a40b83c517ef5c3584, type: 3}
      propertyPath: m_LocalPosition.z
      value: 0
      objectReference: {fileID: 0}
    - target: {fileID: 400002, guid: 46a4647ea11140a40b83c517ef5c3584, type: 3}
      propertyPath: m_LocalRotation.x
      value: -0
      objectReference: {fileID: 0}
    - target: {fileID: 400002, guid: 46a4647ea11140a40b83c517ef5c3584, type: 3}
      propertyPath: m_LocalRotation.y
      value: 1
      objectReference: {fileID: 0}
    - target: {fileID: 400002, guid: 46a4647ea11140a40b83c517ef5c3584, type: 3}
      propertyPath: m_LocalRotation.z
      value: -0
      objectReference: {fileID: 0}
    - target: {fileID: 400002, guid: 46a4647ea11140a40b83c517ef5c3584, type: 3}
      propertyPath: m_LocalRotation.w
      value: 0.0000029504295
      objectReference: {fileID: 0}
    - target: {fileID: 400002, guid: 46a4647ea11140a40b83c517ef5c3584, type: 3}
      propertyPath: m_RootOrder
      value: 2
      objectReference: {fileID: 0}
    - target: {fileID: 400002, guid: 46a4647ea11140a40b83c517ef5c3584, type: 3}
      propertyPath: m_LocalEulerAnglesHint.x
      value: 0
      objectReference: {fileID: 0}
    - target: {fileID: 400002, guid: 46a4647ea11140a40b83c517ef5c3584, type: 3}
      propertyPath: m_LocalEulerAnglesHint.y
      value: 180.00002
      objectReference: {fileID: 0}
    - target: {fileID: 400002, guid: 46a4647ea11140a40b83c517ef5c3584, type: 3}
      propertyPath: m_LocalEulerAnglesHint.z
      value: 0
      objectReference: {fileID: 0}
    m_RemovedComponents: []
  m_SourcePrefab: {fileID: 100100000, guid: 46a4647ea11140a40b83c517ef5c3584, type: 3}
--- !u!4 &7472569701485416606 stripped
Transform:
  m_CorrespondingSourceObject: {fileID: 400002, guid: 46a4647ea11140a40b83c517ef5c3584,
    type: 3}
  m_PrefabInstance: {fileID: 7472569701485546012}
  m_PrefabAsset: {fileID: 0}
--- !u!1001 &8283543732906323716
PrefabInstance:
  m_ObjectHideFlags: 0
  serializedVersion: 2
  m_Modification:
    m_TransformParent: {fileID: 1366884172980675335}
    m_Modifications:
    - target: {fileID: 100002, guid: 46a4647ea11140a40b83c517ef5c3584, type: 3}
      propertyPath: m_Name
      value: fi_vil_combs_step_05
      objectReference: {fileID: 0}
    - target: {fileID: 400002, guid: 46a4647ea11140a40b83c517ef5c3584, type: 3}
      propertyPath: m_LocalPosition.x
      value: 0
      objectReference: {fileID: 0}
    - target: {fileID: 400002, guid: 46a4647ea11140a40b83c517ef5c3584, type: 3}
      propertyPath: m_LocalPosition.y
      value: 0
      objectReference: {fileID: 0}
    - target: {fileID: 400002, guid: 46a4647ea11140a40b83c517ef5c3584, type: 3}
      propertyPath: m_LocalPosition.z
      value: 0
      objectReference: {fileID: 0}
    - target: {fileID: 400002, guid: 46a4647ea11140a40b83c517ef5c3584, type: 3}
      propertyPath: m_LocalRotation.x
      value: -0
      objectReference: {fileID: 0}
    - target: {fileID: 400002, guid: 46a4647ea11140a40b83c517ef5c3584, type: 3}
      propertyPath: m_LocalRotation.y
      value: -0
      objectReference: {fileID: 0}
    - target: {fileID: 400002, guid: 46a4647ea11140a40b83c517ef5c3584, type: 3}
      propertyPath: m_LocalRotation.z
      value: -0
      objectReference: {fileID: 0}
    - target: {fileID: 400002, guid: 46a4647ea11140a40b83c517ef5c3584, type: 3}
      propertyPath: m_LocalRotation.w
      value: 1
      objectReference: {fileID: 0}
    - target: {fileID: 400002, guid: 46a4647ea11140a40b83c517ef5c3584, type: 3}
      propertyPath: m_RootOrder
      value: 1
      objectReference: {fileID: 0}
    - target: {fileID: 400002, guid: 46a4647ea11140a40b83c517ef5c3584, type: 3}
      propertyPath: m_LocalEulerAnglesHint.x
      value: 0
      objectReference: {fileID: 0}
    - target: {fileID: 400002, guid: 46a4647ea11140a40b83c517ef5c3584, type: 3}
      propertyPath: m_LocalEulerAnglesHint.y
      value: 0
      objectReference: {fileID: 0}
    - target: {fileID: 400002, guid: 46a4647ea11140a40b83c517ef5c3584, type: 3}
      propertyPath: m_LocalEulerAnglesHint.z
      value: 0
      objectReference: {fileID: 0}
    m_RemovedComponents: []
  m_SourcePrefab: {fileID: 100100000, guid: 46a4647ea11140a40b83c517ef5c3584, type: 3}
--- !u!4 &8283543732906456454 stripped
Transform:
  m_CorrespondingSourceObject: {fileID: 400002, guid: 46a4647ea11140a40b83c517ef5c3584,
    type: 3}
  m_PrefabInstance: {fileID: 8283543732906323716}
  m_PrefabAsset: {fileID: 0}
--- !u!1001 &9144474295946166409
PrefabInstance:
  m_ObjectHideFlags: 0
  serializedVersion: 2
  m_Modification:
    m_TransformParent: {fileID: 1366884172980675335}
    m_Modifications:
    - target: {fileID: 167762, guid: 2c4d19234e4c84d43bcd28e86e7ef644, type: 3}
      propertyPath: m_Name
      value: fe_vil_barrel_bucket01c
      objectReference: {fileID: 0}
    - target: {fileID: 480376, guid: 2c4d19234e4c84d43bcd28e86e7ef644, type: 3}
      propertyPath: m_LocalPosition.x
      value: 1.262
      objectReference: {fileID: 0}
    - target: {fileID: 480376, guid: 2c4d19234e4c84d43bcd28e86e7ef644, type: 3}
      propertyPath: m_LocalPosition.y
      value: 0.375
      objectReference: {fileID: 0}
    - target: {fileID: 480376, guid: 2c4d19234e4c84d43bcd28e86e7ef644, type: 3}
      propertyPath: m_LocalPosition.z
      value: 0.63852596
      objectReference: {fileID: 0}
    - target: {fileID: 480376, guid: 2c4d19234e4c84d43bcd28e86e7ef644, type: 3}
      propertyPath: m_LocalRotation.x
      value: -0
      objectReference: {fileID: 0}
    - target: {fileID: 480376, guid: 2c4d19234e4c84d43bcd28e86e7ef644, type: 3}
      propertyPath: m_LocalRotation.y
      value: 0.8265406
      objectReference: {fileID: 0}
    - target: {fileID: 480376, guid: 2c4d19234e4c84d43bcd28e86e7ef644, type: 3}
      propertyPath: m_LocalRotation.z
      value: -0
      objectReference: {fileID: 0}
    - target: {fileID: 480376, guid: 2c4d19234e4c84d43bcd28e86e7ef644, type: 3}
      propertyPath: m_LocalRotation.w
      value: 0.5628772
      objectReference: {fileID: 0}
    - target: {fileID: 480376, guid: 2c4d19234e4c84d43bcd28e86e7ef644, type: 3}
      propertyPath: m_RootOrder
      value: 10
      objectReference: {fileID: 0}
    - target: {fileID: 480376, guid: 2c4d19234e4c84d43bcd28e86e7ef644, type: 3}
      propertyPath: m_LocalEulerAnglesHint.x
      value: 0
      objectReference: {fileID: 0}
    - target: {fileID: 480376, guid: 2c4d19234e4c84d43bcd28e86e7ef644, type: 3}
      propertyPath: m_LocalEulerAnglesHint.y
      value: 111.490005
      objectReference: {fileID: 0}
    - target: {fileID: 480376, guid: 2c4d19234e4c84d43bcd28e86e7ef644, type: 3}
      propertyPath: m_LocalEulerAnglesHint.z
      value: 0
      objectReference: {fileID: 0}
    m_RemovedComponents: []
  m_SourcePrefab: {fileID: 100100000, guid: 2c4d19234e4c84d43bcd28e86e7ef644, type: 3}
--- !u!4 &9144474295945696497 stripped
Transform:
  m_CorrespondingSourceObject: {fileID: 480376, guid: 2c4d19234e4c84d43bcd28e86e7ef644,
    type: 3}
  m_PrefabInstance: {fileID: 9144474295946166409}
  m_PrefabAsset: {fileID: 0}
