%YAML 1.1
%TAG !u! tag:unity3d.com,2011:
--- !u!1 &6765898231818761415
GameObject:
  m_ObjectHideFlags: 0
  m_CorrespondingSourceObject: {fileID: 0}
  m_PrefabInstance: {fileID: 0}
  m_PrefabAsset: {fileID: 0}
  serializedVersion: 6
  m_Component:
  - component: {fileID: 6765898231818761408}
  m_Layer: 0
  m_Name: Props
  m_TagString: Untagged
  m_Icon: {fileID: 0}
  m_NavMeshLayer: 0
  m_StaticEditorFlags: 0
  m_IsActive: 1
--- !u!4 &6765898231818761408
Transform:
  m_ObjectHideFlags: 0
  m_CorrespondingSourceObject: {fileID: 0}
  m_PrefabInstance: {fileID: 0}
  m_PrefabAsset: {fileID: 0}
  m_GameObject: {fileID: 6765898231818761415}
  m_LocalRotation: {x: -0, y: -0, z: -0, w: 1}
  m_LocalPosition: {x: 0, y: 0, z: 0}
  m_LocalScale: {x: 1, y: 1, z: 1}
  m_Children:
  - {fileID: 1830837217389883714}
  - {fileID: 1465147214662078273}
  - {fileID: 5058024199304311645}
  - {fileID: 8044502927776463897}
  - {fileID: 4219860772672412163}
  - {fileID: 114466782755451515}
  - {fileID: 6899148929556085514}
  - {fileID: 5438848246948659762}
  - {fileID: 2023518988081591318}
  - {fileID: 1349255829413851450}
  - {fileID: 5286620839257278497}
  - {fileID: 459605995119648997}
  - {fileID: 4605875510794480488}
  - {fileID: 3366640246913604483}
  - {fileID: 810114007899570151}
  - {fileID: 7411881455269674515}
  - {fileID: 8540657774686508677}
  - {fileID: 2958854011296095909}
  - {fileID: 8697116823177076515}
  - {fileID: 1289629250381756876}
  - {fileID: 132181204424064060}
  - {fileID: 3396409763818626968}
  - {fileID: 4664185098364371571}
  - {fileID: 3420247940876846574}
  m_Father: {fileID: 6765898232298143152}
  m_RootOrder: 0
  m_LocalEulerAnglesHint: {x: 0, y: 0, z: 0}
--- !u!1 &6765898232298143159
GameObject:
  m_ObjectHideFlags: 0
  m_CorrespondingSourceObject: {fileID: 0}
  m_PrefabInstance: {fileID: 0}
  m_PrefabAsset: {fileID: 0}
  serializedVersion: 6
  m_Component:
  - component: {fileID: 6765898232298143152}
  m_Layer: 0
  m_Name: Fishmonger03
  m_TagString: Untagged
  m_Icon: {fileID: 0}
  m_NavMeshLayer: 0
  m_StaticEditorFlags: 0
  m_IsActive: 1
--- !u!4 &6765898232298143152
Transform:
  m_ObjectHideFlags: 0
  m_CorrespondingSourceObject: {fileID: 0}
  m_PrefabInstance: {fileID: 0}
  m_PrefabAsset: {fileID: 0}
  m_GameObject: {fileID: 6765898232298143159}
  m_LocalRotation: {x: 0, y: 0, z: 0, w: 1}
  m_LocalPosition: {x: 0, y: 0, z: 0}
  m_LocalScale: {x: 1, y: 1, z: 1}
  m_Children:
  - {fileID: 6765898231818761408}
  - {fileID: 3105690997965171550}
  m_Father: {fileID: 0}
  m_RootOrder: 0
  m_LocalEulerAnglesHint: {x: 0, y: 0, z: 0}
--- !u!1001 &2596839748465397
PrefabInstance:
  m_ObjectHideFlags: 0
  serializedVersion: 2
  m_Modification:
    m_TransformParent: {fileID: 6765898231818761408}
    m_Modifications:
    - target: {fileID: 1291573458551687993, guid: 35c5955696fbd0c4184a1224c96df4ab,
        type: 3}
      propertyPath: m_LocalPosition.x
      value: 1.433
      objectReference: {fileID: 0}
    - target: {fileID: 1291573458551687993, guid: 35c5955696fbd0c4184a1224c96df4ab,
        type: 3}
      propertyPath: m_LocalPosition.y
      value: -0.03895539
      objectReference: {fileID: 0}
    - target: {fileID: 1291573458551687993, guid: 35c5955696fbd0c4184a1224c96df4ab,
        type: 3}
      propertyPath: m_LocalPosition.z
      value: 2.08
      objectReference: {fileID: 0}
    - target: {fileID: 1291573458551687993, guid: 35c5955696fbd0c4184a1224c96df4ab,
        type: 3}
      propertyPath: m_LocalRotation.x
      value: -0
      objectReference: {fileID: 0}
    - target: {fileID: 1291573458551687993, guid: 35c5955696fbd0c4184a1224c96df4ab,
        type: 3}
      propertyPath: m_LocalRotation.y
      value: -0.646602
      objectReference: {fileID: 0}
    - target: {fileID: 1291573458551687993, guid: 35c5955696fbd0c4184a1224c96df4ab,
        type: 3}
      propertyPath: m_LocalRotation.z
      value: -0
      objectReference: {fileID: 0}
    - target: {fileID: 1291573458551687993, guid: 35c5955696fbd0c4184a1224c96df4ab,
        type: 3}
      propertyPath: m_LocalRotation.w
      value: 0.7628276
      objectReference: {fileID: 0}
    - target: {fileID: 1291573458551687993, guid: 35c5955696fbd0c4184a1224c96df4ab,
        type: 3}
      propertyPath: m_RootOrder
      value: 19
      objectReference: {fileID: 0}
    - target: {fileID: 1291573458551687993, guid: 35c5955696fbd0c4184a1224c96df4ab,
        type: 3}
      propertyPath: m_LocalEulerAnglesHint.x
      value: 0
      objectReference: {fileID: 0}
    - target: {fileID: 1291573458551687993, guid: 35c5955696fbd0c4184a1224c96df4ab,
        type: 3}
      propertyPath: m_LocalEulerAnglesHint.y
      value: -80.57201
      objectReference: {fileID: 0}
    - target: {fileID: 1291573458551687993, guid: 35c5955696fbd0c4184a1224c96df4ab,
        type: 3}
      propertyPath: m_LocalEulerAnglesHint.z
      value: 0
      objectReference: {fileID: 0}
    - target: {fileID: 3524672545565850181, guid: 35c5955696fbd0c4184a1224c96df4ab,
        type: 3}
      propertyPath: m_Name
      value: CrateFishBSet03
      objectReference: {fileID: 0}
    m_RemovedComponents: []
  m_SourcePrefab: {fileID: 100100000, guid: 35c5955696fbd0c4184a1224c96df4ab, type: 3}
--- !u!4 &1289629250381756876 stripped
Transform:
  m_CorrespondingSourceObject: {fileID: 1291573458551687993, guid: 35c5955696fbd0c4184a1224c96df4ab,
    type: 3}
  m_PrefabInstance: {fileID: 2596839748465397}
  m_PrefabAsset: {fileID: 0}
--- !u!1001 &132181204423927484
PrefabInstance:
  m_ObjectHideFlags: 0
  serializedVersion: 2
  m_Modification:
    m_TransformParent: {fileID: 6765898231818761408}
    m_Modifications:
    - target: {fileID: 100000, guid: 90a8f368271acd947a0d6b4fbc36a8d1, type: 3}
      propertyPath: m_Name
      value: fi_vil_food_fish02_01
      objectReference: {fileID: 0}
    - target: {fileID: 400000, guid: 90a8f368271acd947a0d6b4fbc36a8d1, type: 3}
      propertyPath: m_LocalPosition.x
      value: -1.175
      objectReference: {fileID: 0}
    - target: {fileID: 400000, guid: 90a8f368271acd947a0d6b4fbc36a8d1, type: 3}
      propertyPath: m_LocalPosition.y
      value: 2.26
      objectReference: {fileID: 0}
    - target: {fileID: 400000, guid: 90a8f368271acd947a0d6b4fbc36a8d1, type: 3}
      propertyPath: m_LocalPosition.z
      value: 2.294
      objectReference: {fileID: 0}
    - target: {fileID: 400000, guid: 90a8f368271acd947a0d6b4fbc36a8d1, type: 3}
      propertyPath: m_LocalRotation.x
      value: -0.5300089
      objectReference: {fileID: 0}
    - target: {fileID: 400000, guid: 90a8f368271acd947a0d6b4fbc36a8d1, type: 3}
      propertyPath: m_LocalRotation.y
      value: 0.5300094
      objectReference: {fileID: 0}
    - target: {fileID: 400000, guid: 90a8f368271acd947a0d6b4fbc36a8d1, type: 3}
      propertyPath: m_LocalRotation.z
      value: -0.46807075
      objectReference: {fileID: 0}
    - target: {fileID: 400000, guid: 90a8f368271acd947a0d6b4fbc36a8d1, type: 3}
      propertyPath: m_LocalRotation.w
      value: 0.46807086
      objectReference: {fileID: 0}
    - target: {fileID: 400000, guid: 90a8f368271acd947a0d6b4fbc36a8d1, type: 3}
      propertyPath: m_RootOrder
      value: 20
      objectReference: {fileID: 0}
    - target: {fileID: 400000, guid: 90a8f368271acd947a0d6b4fbc36a8d1, type: 3}
      propertyPath: m_LocalEulerAnglesHint.x
      value: 0
      objectReference: {fileID: 0}
    - target: {fileID: 400000, guid: 90a8f368271acd947a0d6b4fbc36a8d1, type: 3}
      propertyPath: m_LocalEulerAnglesHint.y
      value: 97.102005
      objectReference: {fileID: 0}
    - target: {fileID: 400000, guid: 90a8f368271acd947a0d6b4fbc36a8d1, type: 3}
      propertyPath: m_LocalEulerAnglesHint.z
      value: -90.00001
      objectReference: {fileID: 0}
    - target: {fileID: 400000, guid: 90a8f368271acd947a0d6b4fbc36a8d1, type: 3}
      propertyPath: m_LocalScale.x
      value: 1.7407895
      objectReference: {fileID: 0}
    - target: {fileID: 400000, guid: 90a8f368271acd947a0d6b4fbc36a8d1, type: 3}
      propertyPath: m_LocalScale.y
      value: 1.7407873
      objectReference: {fileID: 0}
    - target: {fileID: 400000, guid: 90a8f368271acd947a0d6b4fbc36a8d1, type: 3}
      propertyPath: m_LocalScale.z
      value: 1.7407885
      objectReference: {fileID: 0}
    m_RemovedComponents: []
  m_SourcePrefab: {fileID: 100100000, guid: 90a8f368271acd947a0d6b4fbc36a8d1, type: 3}
--- !u!4 &132181204424064060 stripped
Transform:
  m_CorrespondingSourceObject: {fileID: 400000, guid: 90a8f368271acd947a0d6b4fbc36a8d1,
    type: 3}
  m_PrefabInstance: {fileID: 132181204423927484}
  m_PrefabAsset: {fileID: 0}
--- !u!1001 &459605995119262309
PrefabInstance:
  m_ObjectHideFlags: 0
  serializedVersion: 2
  m_Modification:
    m_TransformParent: {fileID: 6765898231818761408}
    m_Modifications:
    - target: {fileID: 100000, guid: 7b56ecc24e4c8b149b8574872482b318, type: 3}
      propertyPath: m_Name
      value: fi_vil_container_basket01_fish
      objectReference: {fileID: 0}
    - target: {fileID: 400000, guid: 7b56ecc24e4c8b149b8574872482b318, type: 3}
      propertyPath: m_LocalPosition.x
      value: 0.42083603
      objectReference: {fileID: 0}
    - target: {fileID: 400000, guid: 7b56ecc24e4c8b149b8574872482b318, type: 3}
      propertyPath: m_LocalPosition.y
      value: 0
      objectReference: {fileID: 0}
    - target: {fileID: 400000, guid: 7b56ecc24e4c8b149b8574872482b318, type: 3}
      propertyPath: m_LocalPosition.z
      value: -2.20619
      objectReference: {fileID: 0}
    - target: {fileID: 400000, guid: 7b56ecc24e4c8b149b8574872482b318, type: 3}
      propertyPath: m_LocalRotation.x
      value: -0
      objectReference: {fileID: 0}
    - target: {fileID: 400000, guid: 7b56ecc24e4c8b149b8574872482b318, type: 3}
      propertyPath: m_LocalRotation.y
      value: 0.6548078
      objectReference: {fileID: 0}
    - target: {fileID: 400000, guid: 7b56ecc24e4c8b149b8574872482b318, type: 3}
      propertyPath: m_LocalRotation.z
      value: -0
      objectReference: {fileID: 0}
    - target: {fileID: 400000, guid: 7b56ecc24e4c8b149b8574872482b318, type: 3}
      propertyPath: m_LocalRotation.w
      value: 0.75579554
      objectReference: {fileID: 0}
    - target: {fileID: 400000, guid: 7b56ecc24e4c8b149b8574872482b318, type: 3}
      propertyPath: m_RootOrder
      value: 11
      objectReference: {fileID: 0}
    - target: {fileID: 400000, guid: 7b56ecc24e4c8b149b8574872482b318, type: 3}
      propertyPath: m_LocalEulerAnglesHint.x
      value: 0
      objectReference: {fileID: 0}
    - target: {fileID: 400000, guid: 7b56ecc24e4c8b149b8574872482b318, type: 3}
      propertyPath: m_LocalEulerAnglesHint.y
      value: 81.810005
      objectReference: {fileID: 0}
    - target: {fileID: 400000, guid: 7b56ecc24e4c8b149b8574872482b318, type: 3}
      propertyPath: m_LocalEulerAnglesHint.z
      value: 0
      objectReference: {fileID: 0}
    m_RemovedComponents: []
  m_SourcePrefab: {fileID: 100100000, guid: 7b56ecc24e4c8b149b8574872482b318, type: 3}
--- !u!4 &459605995119648997 stripped
Transform:
  m_CorrespondingSourceObject: {fileID: 400000, guid: 7b56ecc24e4c8b149b8574872482b318,
    type: 3}
  m_PrefabInstance: {fileID: 459605995119262309}
  m_PrefabAsset: {fileID: 0}
--- !u!1001 &470352836704406975
PrefabInstance:
  m_ObjectHideFlags: 0
  serializedVersion: 2
  m_Modification:
    m_TransformParent: {fileID: 1830837217389883714}
    m_Modifications:
    - target: {fileID: 100000, guid: 90a8f368271acd947a0d6b4fbc36a8d1, type: 3}
      propertyPath: m_Name
      value: fi_vil_food_fish02_01
      objectReference: {fileID: 0}
    - target: {fileID: 400000, guid: 90a8f368271acd947a0d6b4fbc36a8d1, type: 3}
      propertyPath: m_LocalPosition.x
      value: -0.17400068
      objectReference: {fileID: 0}
    - target: {fileID: 400000, guid: 90a8f368271acd947a0d6b4fbc36a8d1, type: 3}
      propertyPath: m_LocalPosition.y
      value: 0.85193
      objectReference: {fileID: 0}
    - target: {fileID: 400000, guid: 90a8f368271acd947a0d6b4fbc36a8d1, type: 3}
      propertyPath: m_LocalPosition.z
      value: -0.4770008
      objectReference: {fileID: 0}
    - target: {fileID: 400000, guid: 90a8f368271acd947a0d6b4fbc36a8d1, type: 3}
      propertyPath: m_LocalRotation.x
      value: -0
      objectReference: {fileID: 0}
    - target: {fileID: 400000, guid: 90a8f368271acd947a0d6b4fbc36a8d1, type: 3}
      propertyPath: m_LocalRotation.y
      value: -0.6087612
      objectReference: {fileID: 0}
    - target: {fileID: 400000, guid: 90a8f368271acd947a0d6b4fbc36a8d1, type: 3}
      propertyPath: m_LocalRotation.z
      value: -0
      objectReference: {fileID: 0}
    - target: {fileID: 400000, guid: 90a8f368271acd947a0d6b4fbc36a8d1, type: 3}
      propertyPath: m_LocalRotation.w
      value: 0.7933535
      objectReference: {fileID: 0}
    - target: {fileID: 400000, guid: 90a8f368271acd947a0d6b4fbc36a8d1, type: 3}
      propertyPath: m_RootOrder
      value: 3
      objectReference: {fileID: 0}
    - target: {fileID: 400000, guid: 90a8f368271acd947a0d6b4fbc36a8d1, type: 3}
      propertyPath: m_LocalEulerAnglesHint.x
      value: 0
      objectReference: {fileID: 0}
    - target: {fileID: 400000, guid: 90a8f368271acd947a0d6b4fbc36a8d1, type: 3}
      propertyPath: m_LocalEulerAnglesHint.y
      value: 6.8100004
      objectReference: {fileID: 0}
    - target: {fileID: 400000, guid: 90a8f368271acd947a0d6b4fbc36a8d1, type: 3}
      propertyPath: m_LocalEulerAnglesHint.z
      value: 0
      objectReference: {fileID: 0}
    - target: {fileID: 400000, guid: 90a8f368271acd947a0d6b4fbc36a8d1, type: 3}
      propertyPath: m_LocalScale.x
      value: 1.6056991
      objectReference: {fileID: 0}
    - target: {fileID: 400000, guid: 90a8f368271acd947a0d6b4fbc36a8d1, type: 3}
      propertyPath: m_LocalScale.y
      value: 1.6057
      objectReference: {fileID: 0}
    - target: {fileID: 400000, guid: 90a8f368271acd947a0d6b4fbc36a8d1, type: 3}
      propertyPath: m_LocalScale.z
      value: 1.6056991
      objectReference: {fileID: 0}
    m_RemovedComponents: []
  m_SourcePrefab: {fileID: 100100000, guid: 90a8f368271acd947a0d6b4fbc36a8d1, type: 3}
--- !u!1001 &619911326792934432
PrefabInstance:
  m_ObjectHideFlags: 0
  serializedVersion: 2
  m_Modification:
    m_TransformParent: {fileID: 6765898231818761408}
    m_Modifications:
    - target: {fileID: 652165424481539672, guid: ccb0d9f292bb3764cb655c5c032c849e,
        type: 3}
      propertyPath: m_Name
      value: CrateFishASet02
      objectReference: {fileID: 0}
    - target: {fileID: 652165424481539675, guid: ccb0d9f292bb3764cb655c5c032c849e,
        type: 3}
      propertyPath: m_LocalPosition.x
      value: -2.978
      objectReference: {fileID: 0}
    - target: {fileID: 652165424481539675, guid: ccb0d9f292bb3764cb655c5c032c849e,
        type: 3}
      propertyPath: m_LocalPosition.y
      value: 0.002383917
      objectReference: {fileID: 0}
    - target: {fileID: 652165424481539675, guid: ccb0d9f292bb3764cb655c5c032c849e,
        type: 3}
      propertyPath: m_LocalPosition.z
      value: -1.682
      objectReference: {fileID: 0}
    - target: {fileID: 652165424481539675, guid: ccb0d9f292bb3764cb655c5c032c849e,
        type: 3}
      propertyPath: m_LocalRotation.x
      value: -0
      objectReference: {fileID: 0}
    - target: {fileID: 652165424481539675, guid: ccb0d9f292bb3764cb655c5c032c849e,
        type: 3}
      propertyPath: m_LocalRotation.y
      value: 0.97618246
      objectReference: {fileID: 0}
    - target: {fileID: 652165424481539675, guid: ccb0d9f292bb3764cb655c5c032c849e,
        type: 3}
      propertyPath: m_LocalRotation.z
      value: -0
      objectReference: {fileID: 0}
    - target: {fileID: 652165424481539675, guid: ccb0d9f292bb3764cb655c5c032c849e,
        type: 3}
      propertyPath: m_LocalRotation.w
      value: -0.2169514
      objectReference: {fileID: 0}
    - target: {fileID: 652165424481539675, guid: ccb0d9f292bb3764cb655c5c032c849e,
        type: 3}
      propertyPath: m_RootOrder
      value: 5
      objectReference: {fileID: 0}
    - target: {fileID: 652165424481539675, guid: ccb0d9f292bb3764cb655c5c032c849e,
        type: 3}
      propertyPath: m_LocalEulerAnglesHint.x
      value: 0
      objectReference: {fileID: 0}
    - target: {fileID: 652165424481539675, guid: ccb0d9f292bb3764cb655c5c032c849e,
        type: 3}
      propertyPath: m_LocalEulerAnglesHint.y
      value: 205.06
      objectReference: {fileID: 0}
    - target: {fileID: 652165424481539675, guid: ccb0d9f292bb3764cb655c5c032c849e,
        type: 3}
      propertyPath: m_LocalEulerAnglesHint.z
      value: 0
      objectReference: {fileID: 0}
    m_RemovedComponents: []
  m_SourcePrefab: {fileID: 100100000, guid: ccb0d9f292bb3764cb655c5c032c849e, type: 3}
--- !u!4 &114466782755451515 stripped
Transform:
  m_CorrespondingSourceObject: {fileID: 652165424481539675, guid: ccb0d9f292bb3764cb655c5c032c849e,
    type: 3}
  m_PrefabInstance: {fileID: 619911326792934432}
  m_PrefabAsset: {fileID: 0}
--- !u!1001 &810114007899694439
PrefabInstance:
  m_ObjectHideFlags: 0
  serializedVersion: 2
  m_Modification:
    m_TransformParent: {fileID: 6765898231818761408}
    m_Modifications:
    - target: {fileID: 100000, guid: 90a8f368271acd947a0d6b4fbc36a8d1, type: 3}
      propertyPath: m_Name
      value: fi_vil_food_fish02_01
      objectReference: {fileID: 0}
    - target: {fileID: 400000, guid: 90a8f368271acd947a0d6b4fbc36a8d1, type: 3}
      propertyPath: m_LocalPosition.x
      value: 3.263
      objectReference: {fileID: 0}
    - target: {fileID: 400000, guid: 90a8f368271acd947a0d6b4fbc36a8d1, type: 3}
      propertyPath: m_LocalPosition.y
      value: 2.084
      objectReference: {fileID: 0}
    - target: {fileID: 400000, guid: 90a8f368271acd947a0d6b4fbc36a8d1, type: 3}
      propertyPath: m_LocalPosition.z
      value: -1.15
      objectReference: {fileID: 0}
    - target: {fileID: 400000, guid: 90a8f368271acd947a0d6b4fbc36a8d1, type: 3}
      propertyPath: m_LocalRotation.x
      value: -0
      objectReference: {fileID: 0}
    - target: {fileID: 400000, guid: 90a8f368271acd947a0d6b4fbc36a8d1, type: 3}
      propertyPath: m_LocalRotation.y
      value: -0
      objectReference: {fileID: 0}
    - target: {fileID: 400000, guid: 90a8f368271acd947a0d6b4fbc36a8d1, type: 3}
      propertyPath: m_LocalRotation.z
      value: -0.70710707
      objectReference: {fileID: 0}
    - target: {fileID: 400000, guid: 90a8f368271acd947a0d6b4fbc36a8d1, type: 3}
      propertyPath: m_LocalRotation.w
      value: 0.70710653
      objectReference: {fileID: 0}
    - target: {fileID: 400000, guid: 90a8f368271acd947a0d6b4fbc36a8d1, type: 3}
      propertyPath: m_RootOrder
      value: 14
      objectReference: {fileID: 0}
    - target: {fileID: 400000, guid: 90a8f368271acd947a0d6b4fbc36a8d1, type: 3}
      propertyPath: m_LocalEulerAnglesHint.x
      value: 0
      objectReference: {fileID: 0}
    - target: {fileID: 400000, guid: 90a8f368271acd947a0d6b4fbc36a8d1, type: 3}
      propertyPath: m_LocalEulerAnglesHint.y
      value: 0
      objectReference: {fileID: 0}
    - target: {fileID: 400000, guid: 90a8f368271acd947a0d6b4fbc36a8d1, type: 3}
      propertyPath: m_LocalEulerAnglesHint.z
      value: -90.00001
      objectReference: {fileID: 0}
    - target: {fileID: 400000, guid: 90a8f368271acd947a0d6b4fbc36a8d1, type: 3}
      propertyPath: m_LocalScale.x
      value: 1.32993
      objectReference: {fileID: 0}
    - target: {fileID: 400000, guid: 90a8f368271acd947a0d6b4fbc36a8d1, type: 3}
      propertyPath: m_LocalScale.y
      value: 1.32993
      objectReference: {fileID: 0}
    - target: {fileID: 400000, guid: 90a8f368271acd947a0d6b4fbc36a8d1, type: 3}
      propertyPath: m_LocalScale.z
      value: 1.32993
      objectReference: {fileID: 0}
    m_RemovedComponents: []
  m_SourcePrefab: {fileID: 100100000, guid: 90a8f368271acd947a0d6b4fbc36a8d1, type: 3}
--- !u!4 &810114007899570151 stripped
Transform:
  m_CorrespondingSourceObject: {fileID: 400000, guid: 90a8f368271acd947a0d6b4fbc36a8d1,
    type: 3}
  m_PrefabInstance: {fileID: 810114007899694439}
  m_PrefabAsset: {fileID: 0}
--- !u!1001 &1059700628094075509
PrefabInstance:
  m_ObjectHideFlags: 0
  serializedVersion: 2
  m_Modification:
    m_TransformParent: {fileID: 6765898231818761408}
    m_Modifications:
    - target: {fileID: 5309610240056300846, guid: ea0ae96006376454d9955fd39582e069,
        type: 3}
      propertyPath: m_Name
      value: CrateFishA03
      objectReference: {fileID: 0}
    - target: {fileID: 6996061447507345004, guid: ea0ae96006376454d9955fd39582e069,
        type: 3}
      propertyPath: m_LocalPosition.x
      value: -0.975
      objectReference: {fileID: 0}
    - target: {fileID: 6996061447507345004, guid: ea0ae96006376454d9955fd39582e069,
        type: 3}
      propertyPath: m_LocalPosition.y
      value: 0.0023839176
      objectReference: {fileID: 0}
    - target: {fileID: 6996061447507345004, guid: ea0ae96006376454d9955fd39582e069,
        type: 3}
      propertyPath: m_LocalPosition.z
      value: 2.128
      objectReference: {fileID: 0}
    - target: {fileID: 6996061447507345004, guid: ea0ae96006376454d9955fd39582e069,
        type: 3}
      propertyPath: m_LocalRotation.x
      value: -0
      objectReference: {fileID: 0}
    - target: {fileID: 6996061447507345004, guid: ea0ae96006376454d9955fd39582e069,
        type: 3}
      propertyPath: m_LocalRotation.y
      value: -0.38066432
      objectReference: {fileID: 0}
    - target: {fileID: 6996061447507345004, guid: ea0ae96006376454d9955fd39582e069,
        type: 3}
      propertyPath: m_LocalRotation.z
      value: -0
      objectReference: {fileID: 0}
    - target: {fileID: 6996061447507345004, guid: ea0ae96006376454d9955fd39582e069,
        type: 3}
      propertyPath: m_LocalRotation.w
      value: 0.9247133
      objectReference: {fileID: 0}
    - target: {fileID: 6996061447507345004, guid: ea0ae96006376454d9955fd39582e069,
        type: 3}
      propertyPath: m_RootOrder
      value: 3
      objectReference: {fileID: 0}
    - target: {fileID: 6996061447507345004, guid: ea0ae96006376454d9955fd39582e069,
        type: 3}
      propertyPath: m_LocalEulerAnglesHint.x
      value: 0
      objectReference: {fileID: 0}
    - target: {fileID: 6996061447507345004, guid: ea0ae96006376454d9955fd39582e069,
        type: 3}
      propertyPath: m_LocalEulerAnglesHint.y
      value: -44.750004
      objectReference: {fileID: 0}
    - target: {fileID: 6996061447507345004, guid: ea0ae96006376454d9955fd39582e069,
        type: 3}
      propertyPath: m_LocalEulerAnglesHint.z
      value: 0
      objectReference: {fileID: 0}
    m_RemovedComponents: []
  m_SourcePrefab: {fileID: 100100000, guid: ea0ae96006376454d9955fd39582e069, type: 3}
--- !u!4 &8044502927776463897 stripped
Transform:
  m_CorrespondingSourceObject: {fileID: 6996061447507345004, guid: ea0ae96006376454d9955fd39582e069,
    type: 3}
  m_PrefabInstance: {fileID: 1059700628094075509}
  m_PrefabAsset: {fileID: 0}
--- !u!1001 &1349255829413456826
PrefabInstance:
  m_ObjectHideFlags: 0
  serializedVersion: 2
  m_Modification:
    m_TransformParent: {fileID: 6765898231818761408}
    m_Modifications:
    - target: {fileID: 100000, guid: 22f3effe875203e4c8bca1f5f2e893c3, type: 3}
      propertyPath: m_Name
      value: fi_vil_container_sack03_fish_leaning
      objectReference: {fileID: 0}
    - target: {fileID: 400000, guid: 22f3effe875203e4c8bca1f5f2e893c3, type: 3}
      propertyPath: m_LocalPosition.x
      value: -0.119927526
      objectReference: {fileID: 0}
    - target: {fileID: 400000, guid: 22f3effe875203e4c8bca1f5f2e893c3, type: 3}
      propertyPath: m_LocalPosition.y
      value: 0
      objectReference: {fileID: 0}
    - target: {fileID: 400000, guid: 22f3effe875203e4c8bca1f5f2e893c3, type: 3}
      propertyPath: m_LocalPosition.z
      value: -1.9657716
      objectReference: {fileID: 0}
    - target: {fileID: 400000, guid: 22f3effe875203e4c8bca1f5f2e893c3, type: 3}
      propertyPath: m_LocalRotation.x
      value: -0
      objectReference: {fileID: 0}
    - target: {fileID: 400000, guid: 22f3effe875203e4c8bca1f5f2e893c3, type: 3}
      propertyPath: m_LocalRotation.y
      value: -0.38767657
      objectReference: {fileID: 0}
    - target: {fileID: 400000, guid: 22f3effe875203e4c8bca1f5f2e893c3, type: 3}
      propertyPath: m_LocalRotation.z
      value: -0
      objectReference: {fileID: 0}
    - target: {fileID: 400000, guid: 22f3effe875203e4c8bca1f5f2e893c3, type: 3}
      propertyPath: m_LocalRotation.w
      value: 0.92179555
      objectReference: {fileID: 0}
    - target: {fileID: 400000, guid: 22f3effe875203e4c8bca1f5f2e893c3, type: 3}
      propertyPath: m_RootOrder
      value: 9
      objectReference: {fileID: 0}
    - target: {fileID: 400000, guid: 22f3effe875203e4c8bca1f5f2e893c3, type: 3}
      propertyPath: m_LocalEulerAnglesHint.x
      value: 0
      objectReference: {fileID: 0}
    - target: {fileID: 400000, guid: 22f3effe875203e4c8bca1f5f2e893c3, type: 3}
      propertyPath: m_LocalEulerAnglesHint.y
      value: -45.620003
      objectReference: {fileID: 0}
    - target: {fileID: 400000, guid: 22f3effe875203e4c8bca1f5f2e893c3, type: 3}
      propertyPath: m_LocalEulerAnglesHint.z
      value: 0
      objectReference: {fileID: 0}
    - target: {fileID: 400000, guid: 22f3effe875203e4c8bca1f5f2e893c3, type: 3}
      propertyPath: m_LocalScale.x
      value: 1
      objectReference: {fileID: 0}
    - target: {fileID: 400000, guid: 22f3effe875203e4c8bca1f5f2e893c3, type: 3}
      propertyPath: m_LocalScale.z
      value: 1
      objectReference: {fileID: 0}
    m_RemovedComponents: []
  m_SourcePrefab: {fileID: 100100000, guid: 22f3effe875203e4c8bca1f5f2e893c3, type: 3}
--- !u!4 &1349255829413851450 stripped
Transform:
  m_CorrespondingSourceObject: {fileID: 400000, guid: 22f3effe875203e4c8bca1f5f2e893c3,
    type: 3}
  m_PrefabInstance: {fileID: 1349255829413456826}
  m_PrefabAsset: {fileID: 0}
--- !u!1001 &1465147214661686721
PrefabInstance:
  m_ObjectHideFlags: 0
  serializedVersion: 2
  m_Modification:
    m_TransformParent: {fileID: 6765898231818761408}
    m_Modifications:
    - target: {fileID: 100000, guid: 97edda68da74b0e4880be67d1d17e05a, type: 3}
      propertyPath: m_Name
      value: fi_vil_furniture_table02_03
      objectReference: {fileID: 0}
    - target: {fileID: 400000, guid: 97edda68da74b0e4880be67d1d17e05a, type: 3}
      propertyPath: m_LocalPosition.x
      value: -1.3067726
      objectReference: {fileID: 0}
    - target: {fileID: 400000, guid: 97edda68da74b0e4880be67d1d17e05a, type: 3}
      propertyPath: m_LocalPosition.y
      value: 0
      objectReference: {fileID: 0}
    - target: {fileID: 400000, guid: 97edda68da74b0e4880be67d1d17e05a, type: 3}
      propertyPath: m_LocalPosition.z
      value: 1.4762367
      objectReference: {fileID: 0}
    - target: {fileID: 400000, guid: 97edda68da74b0e4880be67d1d17e05a, type: 3}
      propertyPath: m_LocalRotation.x
      value: -0
      objectReference: {fileID: 0}
    - target: {fileID: 400000, guid: 97edda68da74b0e4880be67d1d17e05a, type: 3}
      propertyPath: m_LocalRotation.y
      value: -0.73751134
      objectReference: {fileID: 0}
    - target: {fileID: 400000, guid: 97edda68da74b0e4880be67d1d17e05a, type: 3}
      propertyPath: m_LocalRotation.z
      value: -0
      objectReference: {fileID: 0}
    - target: {fileID: 400000, guid: 97edda68da74b0e4880be67d1d17e05a, type: 3}
      propertyPath: m_LocalRotation.w
      value: 0.6753349
      objectReference: {fileID: 0}
    - target: {fileID: 400000, guid: 97edda68da74b0e4880be67d1d17e05a, type: 3}
      propertyPath: m_RootOrder
      value: 1
      objectReference: {fileID: 0}
    - target: {fileID: 400000, guid: 97edda68da74b0e4880be67d1d17e05a, type: 3}
      propertyPath: m_LocalEulerAnglesHint.x
      value: 0
      objectReference: {fileID: 0}
    - target: {fileID: 400000, guid: 97edda68da74b0e4880be67d1d17e05a, type: 3}
      propertyPath: m_LocalEulerAnglesHint.y
      value: -95.04
      objectReference: {fileID: 0}
    - target: {fileID: 400000, guid: 97edda68da74b0e4880be67d1d17e05a, type: 3}
      propertyPath: m_LocalEulerAnglesHint.z
      value: 0
      objectReference: {fileID: 0}
    m_RemovedComponents: []
  m_SourcePrefab: {fileID: 100100000, guid: 97edda68da74b0e4880be67d1d17e05a, type: 3}
--- !u!4 &1465147214662078273 stripped
Transform:
  m_CorrespondingSourceObject: {fileID: 400000, guid: 97edda68da74b0e4880be67d1d17e05a,
    type: 3}
  m_PrefabInstance: {fileID: 1465147214661686721}
  m_PrefabAsset: {fileID: 0}
--- !u!1001 &1830837217389489090
PrefabInstance:
  m_ObjectHideFlags: 0
  serializedVersion: 2
  m_Modification:
    m_TransformParent: {fileID: 6765898231818761408}
    m_Modifications:
    - target: {fileID: 100000, guid: 97edda68da74b0e4880be67d1d17e05a, type: 3}
      propertyPath: m_Name
      value: fi_vil_furniture_table02_03
      objectReference: {fileID: 0}
    - target: {fileID: 400000, guid: 97edda68da74b0e4880be67d1d17e05a, type: 3}
      propertyPath: m_LocalPosition.x
      value: 1.408923
      objectReference: {fileID: 0}
    - target: {fileID: 400000, guid: 97edda68da74b0e4880be67d1d17e05a, type: 3}
      propertyPath: m_LocalPosition.y
      value: 0
      objectReference: {fileID: 0}
    - target: {fileID: 400000, guid: 97edda68da74b0e4880be67d1d17e05a, type: 3}
      propertyPath: m_LocalPosition.z
      value: -1.5042757
      objectReference: {fileID: 0}
    - target: {fileID: 400000, guid: 97edda68da74b0e4880be67d1d17e05a, type: 3}
      propertyPath: m_LocalRotation.x
      value: -0
      objectReference: {fileID: 0}
    - target: {fileID: 400000, guid: 97edda68da74b0e4880be67d1d17e05a, type: 3}
      propertyPath: m_LocalRotation.y
      value: 0.6548078
      objectReference: {fileID: 0}
    - target: {fileID: 400000, guid: 97edda68da74b0e4880be67d1d17e05a, type: 3}
      propertyPath: m_LocalRotation.z
      value: -0
      objectReference: {fileID: 0}
    - target: {fileID: 400000, guid: 97edda68da74b0e4880be67d1d17e05a, type: 3}
      propertyPath: m_LocalRotation.w
      value: 0.75579554
      objectReference: {fileID: 0}
    - target: {fileID: 400000, guid: 97edda68da74b0e4880be67d1d17e05a, type: 3}
      propertyPath: m_RootOrder
      value: 0
      objectReference: {fileID: 0}
    - target: {fileID: 400000, guid: 97edda68da74b0e4880be67d1d17e05a, type: 3}
      propertyPath: m_LocalEulerAnglesHint.x
      value: 0
      objectReference: {fileID: 0}
    - target: {fileID: 400000, guid: 97edda68da74b0e4880be67d1d17e05a, type: 3}
      propertyPath: m_LocalEulerAnglesHint.y
      value: 81.810005
      objectReference: {fileID: 0}
    - target: {fileID: 400000, guid: 97edda68da74b0e4880be67d1d17e05a, type: 3}
      propertyPath: m_LocalEulerAnglesHint.z
      value: 0
      objectReference: {fileID: 0}
    m_RemovedComponents: []
  m_SourcePrefab: {fileID: 100100000, guid: 97edda68da74b0e4880be67d1d17e05a, type: 3}
--- !u!4 &1830837217389883714 stripped
Transform:
  m_CorrespondingSourceObject: {fileID: 400000, guid: 97edda68da74b0e4880be67d1d17e05a,
    type: 3}
  m_PrefabInstance: {fileID: 1830837217389489090}
  m_PrefabAsset: {fileID: 0}
--- !u!1001 &2023518988081458838
PrefabInstance:
  m_ObjectHideFlags: 0
  serializedVersion: 2
  m_Modification:
    m_TransformParent: {fileID: 6765898231818761408}
    m_Modifications:
    - target: {fileID: 100000, guid: e647e4fde60a6084985e1988b063410e, type: 3}
      propertyPath: m_Name
      value: fi_vil_container_sack03_fish
      objectReference: {fileID: 0}
    - target: {fileID: 400000, guid: e647e4fde60a6084985e1988b063410e, type: 3}
      propertyPath: m_LocalPosition.x
      value: 0.16354299
      objectReference: {fileID: 0}
    - target: {fileID: 400000, guid: e647e4fde60a6084985e1988b063410e, type: 3}
      propertyPath: m_LocalPosition.y
      value: 0
      objectReference: {fileID: 0}
    - target: {fileID: 400000, guid: e647e4fde60a6084985e1988b063410e, type: 3}
      propertyPath: m_LocalPosition.z
      value: -1.618853
      objectReference: {fileID: 0}
    - target: {fileID: 400000, guid: e647e4fde60a6084985e1988b063410e, type: 3}
      propertyPath: m_LocalRotation.x
      value: -0
      objectReference: {fileID: 0}
    - target: {fileID: 400000, guid: e647e4fde60a6084985e1988b063410e, type: 3}
      propertyPath: m_LocalRotation.y
      value: -0.04840719
      objectReference: {fileID: 0}
    - target: {fileID: 400000, guid: e647e4fde60a6084985e1988b063410e, type: 3}
      propertyPath: m_LocalRotation.z
      value: -0
      objectReference: {fileID: 0}
    - target: {fileID: 400000, guid: e647e4fde60a6084985e1988b063410e, type: 3}
      propertyPath: m_LocalRotation.w
      value: 0.9988277
      objectReference: {fileID: 0}
    - target: {fileID: 400000, guid: e647e4fde60a6084985e1988b063410e, type: 3}
      propertyPath: m_RootOrder
      value: 8
      objectReference: {fileID: 0}
    - target: {fileID: 400000, guid: e647e4fde60a6084985e1988b063410e, type: 3}
      propertyPath: m_LocalEulerAnglesHint.x
      value: 0
      objectReference: {fileID: 0}
    - target: {fileID: 400000, guid: e647e4fde60a6084985e1988b063410e, type: 3}
      propertyPath: m_LocalEulerAnglesHint.y
      value: -5.5490003
      objectReference: {fileID: 0}
    - target: {fileID: 400000, guid: e647e4fde60a6084985e1988b063410e, type: 3}
      propertyPath: m_LocalEulerAnglesHint.z
      value: 0
      objectReference: {fileID: 0}
    m_RemovedComponents: []
  m_SourcePrefab: {fileID: 100100000, guid: e647e4fde60a6084985e1988b063410e, type: 3}
--- !u!4 &2023518988081591318 stripped
Transform:
  m_CorrespondingSourceObject: {fileID: 400000, guid: e647e4fde60a6084985e1988b063410e,
    type: 3}
  m_PrefabInstance: {fileID: 2023518988081458838}
  m_PrefabAsset: {fileID: 0}
--- !u!1001 &2958854011296220197
PrefabInstance:
  m_ObjectHideFlags: 0
  serializedVersion: 2
  m_Modification:
    m_TransformParent: {fileID: 6765898231818761408}
    m_Modifications:
    - target: {fileID: 100000, guid: 90a8f368271acd947a0d6b4fbc36a8d1, type: 3}
      propertyPath: m_Name
      value: fi_vil_food_fish02_01
      objectReference: {fileID: 0}
    - target: {fileID: 400000, guid: 90a8f368271acd947a0d6b4fbc36a8d1, type: 3}
      propertyPath: m_LocalPosition.x
      value: -3.5
      objectReference: {fileID: 0}
    - target: {fileID: 400000, guid: 90a8f368271acd947a0d6b4fbc36a8d1, type: 3}
      propertyPath: m_LocalPosition.y
      value: 2.121
      objectReference: {fileID: 0}
    - target: {fileID: 400000, guid: 90a8f368271acd947a0d6b4fbc36a8d1, type: 3}
      propertyPath: m_LocalPosition.z
      value: 1.1
      objectReference: {fileID: 0}
    - target: {fileID: 400000, guid: 90a8f368271acd947a0d6b4fbc36a8d1, type: 3}
      propertyPath: m_LocalRotation.x
      value: -0.000000059604645
      objectReference: {fileID: 0}
    - target: {fileID: 400000, guid: 90a8f368271acd947a0d6b4fbc36a8d1, type: 3}
      propertyPath: m_LocalRotation.y
      value: 0.00000011920929
      objectReference: {fileID: 0}
    - target: {fileID: 400000, guid: 90a8f368271acd947a0d6b4fbc36a8d1, type: 3}
      propertyPath: m_LocalRotation.z
      value: -0.7071071
      objectReference: {fileID: 0}
    - target: {fileID: 400000, guid: 90a8f368271acd947a0d6b4fbc36a8d1, type: 3}
      propertyPath: m_LocalRotation.w
      value: 0.70710653
      objectReference: {fileID: 0}
    - target: {fileID: 400000, guid: 90a8f368271acd947a0d6b4fbc36a8d1, type: 3}
      propertyPath: m_RootOrder
      value: 17
      objectReference: {fileID: 0}
    - target: {fileID: 400000, guid: 90a8f368271acd947a0d6b4fbc36a8d1, type: 3}
      propertyPath: m_LocalEulerAnglesHint.x
      value: 0
      objectReference: {fileID: 0}
    - target: {fileID: 400000, guid: 90a8f368271acd947a0d6b4fbc36a8d1, type: 3}
      propertyPath: m_LocalEulerAnglesHint.y
      value: 0
      objectReference: {fileID: 0}
    - target: {fileID: 400000, guid: 90a8f368271acd947a0d6b4fbc36a8d1, type: 3}
      propertyPath: m_LocalEulerAnglesHint.z
      value: -90.00001
      objectReference: {fileID: 0}
    - target: {fileID: 400000, guid: 90a8f368271acd947a0d6b4fbc36a8d1, type: 3}
      propertyPath: m_LocalScale.x
      value: 1.3299304
      objectReference: {fileID: 0}
    - target: {fileID: 400000, guid: 90a8f368271acd947a0d6b4fbc36a8d1, type: 3}
      propertyPath: m_LocalScale.y
      value: 1.3299304
      objectReference: {fileID: 0}
    - target: {fileID: 400000, guid: 90a8f368271acd947a0d6b4fbc36a8d1, type: 3}
      propertyPath: m_LocalScale.z
      value: 1.32993
      objectReference: {fileID: 0}
    m_RemovedComponents: []
  m_SourcePrefab: {fileID: 100100000, guid: 90a8f368271acd947a0d6b4fbc36a8d1, type: 3}
--- !u!4 &2958854011296095909 stripped
Transform:
  m_CorrespondingSourceObject: {fileID: 400000, guid: 90a8f368271acd947a0d6b4fbc36a8d1,
    type: 3}
  m_PrefabInstance: {fileID: 2958854011296220197}
  m_PrefabAsset: {fileID: 0}
--- !u!1001 &3105690997964745666
PrefabInstance:
  m_ObjectHideFlags: 0
  serializedVersion: 2
  m_Modification:
    m_TransformParent: {fileID: 6765898232298143152}
    m_Modifications:
    - target: {fileID: 118842, guid: da91d3b96755edd46b04f01a36697c05, type: 3}
      propertyPath: m_Name
      value: fe_vil_Stall15c_red
      objectReference: {fileID: 0}
    - target: {fileID: 426140, guid: da91d3b96755edd46b04f01a36697c05, type: 3}
      propertyPath: m_LocalPosition.x
      value: 0
      objectReference: {fileID: 0}
    - target: {fileID: 426140, guid: da91d3b96755edd46b04f01a36697c05, type: 3}
      propertyPath: m_LocalPosition.y
      value: 0
      objectReference: {fileID: 0}
    - target: {fileID: 426140, guid: da91d3b96755edd46b04f01a36697c05, type: 3}
      propertyPath: m_LocalPosition.z
      value: 0
      objectReference: {fileID: 0}
    - target: {fileID: 426140, guid: da91d3b96755edd46b04f01a36697c05, type: 3}
      propertyPath: m_LocalRotation.x
      value: -0
      objectReference: {fileID: 0}
    - target: {fileID: 426140, guid: da91d3b96755edd46b04f01a36697c05, type: 3}
      propertyPath: m_LocalRotation.y
      value: -0
      objectReference: {fileID: 0}
    - target: {fileID: 426140, guid: da91d3b96755edd46b04f01a36697c05, type: 3}
      propertyPath: m_LocalRotation.z
      value: -0
      objectReference: {fileID: 0}
    - target: {fileID: 426140, guid: da91d3b96755edd46b04f01a36697c05, type: 3}
      propertyPath: m_LocalRotation.w
      value: 1
      objectReference: {fileID: 0}
    - target: {fileID: 426140, guid: da91d3b96755edd46b04f01a36697c05, type: 3}
      propertyPath: m_RootOrder
      value: 1
      objectReference: {fileID: 0}
    - target: {fileID: 426140, guid: da91d3b96755edd46b04f01a36697c05, type: 3}
      propertyPath: m_LocalEulerAnglesHint.x
      value: 0
      objectReference: {fileID: 0}
    - target: {fileID: 426140, guid: da91d3b96755edd46b04f01a36697c05, type: 3}
      propertyPath: m_LocalEulerAnglesHint.y
      value: 0
      objectReference: {fileID: 0}
    - target: {fileID: 426140, guid: da91d3b96755edd46b04f01a36697c05, type: 3}
      propertyPath: m_LocalEulerAnglesHint.z
      value: 0
      objectReference: {fileID: 0}
    m_RemovedComponents: []
  m_SourcePrefab: {fileID: 100100000, guid: da91d3b96755edd46b04f01a36697c05, type: 3}
--- !u!4 &3105690997965171550 stripped
Transform:
  m_CorrespondingSourceObject: {fileID: 426140, guid: da91d3b96755edd46b04f01a36697c05,
    type: 3}
  m_PrefabInstance: {fileID: 3105690997964745666}
  m_PrefabAsset: {fileID: 0}
--- !u!1001 &3366640246913990915
PrefabInstance:
  m_ObjectHideFlags: 0
  serializedVersion: 2
  m_Modification:
    m_TransformParent: {fileID: 6765898231818761408}
    m_Modifications:
    - target: {fileID: 100000, guid: 4f46fe1e85d768543bcf07d7243029e7, type: 3}
      propertyPath: m_Name
      value: fi_vil_food_fish01_01
      objectReference: {fileID: 0}
    - target: {fileID: 400000, guid: 4f46fe1e85d768543bcf07d7243029e7, type: 3}
      propertyPath: m_LocalPosition.x
      value: 3.281
      objectReference: {fileID: 0}
    - target: {fileID: 400000, guid: 4f46fe1e85d768543bcf07d7243029e7, type: 3}
      propertyPath: m_LocalPosition.y
      value: 2.276
      objectReference: {fileID: 0}
    - target: {fileID: 400000, guid: 4f46fe1e85d768543bcf07d7243029e7, type: 3}
      propertyPath: m_LocalPosition.z
      value: -0.839
      objectReference: {fileID: 0}
    - target: {fileID: 400000, guid: 4f46fe1e85d768543bcf07d7243029e7, type: 3}
      propertyPath: m_LocalRotation.x
      value: -0
      objectReference: {fileID: 0}
    - target: {fileID: 400000, guid: 4f46fe1e85d768543bcf07d7243029e7, type: 3}
      propertyPath: m_LocalRotation.y
      value: -0
      objectReference: {fileID: 0}
    - target: {fileID: 400000, guid: 4f46fe1e85d768543bcf07d7243029e7, type: 3}
      propertyPath: m_LocalRotation.z
      value: -0.70710707
      objectReference: {fileID: 0}
    - target: {fileID: 400000, guid: 4f46fe1e85d768543bcf07d7243029e7, type: 3}
      propertyPath: m_LocalRotation.w
      value: 0.70710653
      objectReference: {fileID: 0}
    - target: {fileID: 400000, guid: 4f46fe1e85d768543bcf07d7243029e7, type: 3}
      propertyPath: m_RootOrder
      value: 13
      objectReference: {fileID: 0}
    - target: {fileID: 400000, guid: 4f46fe1e85d768543bcf07d7243029e7, type: 3}
      propertyPath: m_LocalEulerAnglesHint.x
      value: 0
      objectReference: {fileID: 0}
    - target: {fileID: 400000, guid: 4f46fe1e85d768543bcf07d7243029e7, type: 3}
      propertyPath: m_LocalEulerAnglesHint.y
      value: 0
      objectReference: {fileID: 0}
    - target: {fileID: 400000, guid: 4f46fe1e85d768543bcf07d7243029e7, type: 3}
      propertyPath: m_LocalEulerAnglesHint.z
      value: -90.00001
      objectReference: {fileID: 0}
    m_RemovedComponents: []
  m_SourcePrefab: {fileID: 100100000, guid: 4f46fe1e85d768543bcf07d7243029e7, type: 3}
--- !u!4 &3366640246913604483 stripped
Transform:
  m_CorrespondingSourceObject: {fileID: 400000, guid: 4f46fe1e85d768543bcf07d7243029e7,
    type: 3}
  m_PrefabInstance: {fileID: 3366640246913990915}
  m_PrefabAsset: {fileID: 0}
--- !u!1001 &3396409763818751256
PrefabInstance:
  m_ObjectHideFlags: 0
  serializedVersion: 2
  m_Modification:
    m_TransformParent: {fileID: 6765898231818761408}
    m_Modifications:
    - target: {fileID: 100000, guid: 90a8f368271acd947a0d6b4fbc36a8d1, type: 3}
      propertyPath: m_Name
      value: fi_vil_food_fish02_01
      objectReference: {fileID: 0}
    - target: {fileID: 400000, guid: 90a8f368271acd947a0d6b4fbc36a8d1, type: 3}
      propertyPath: m_LocalPosition.x
      value: 1.1095624
      objectReference: {fileID: 0}
    - target: {fileID: 400000, guid: 90a8f368271acd947a0d6b4fbc36a8d1, type: 3}
      propertyPath: m_LocalPosition.y
      value: 2.097
      objectReference: {fileID: 0}
    - target: {fileID: 400000, guid: 90a8f368271acd947a0d6b4fbc36a8d1, type: 3}
      propertyPath: m_LocalPosition.z
      value: 1.969
      objectReference: {fileID: 0}
    - target: {fileID: 400000, guid: 90a8f368271acd947a0d6b4fbc36a8d1, type: 3}
      propertyPath: m_LocalRotation.x
      value: 0.39488465
      objectReference: {fileID: 0}
    - target: {fileID: 400000, guid: 90a8f368271acd947a0d6b4fbc36a8d1, type: 3}
      propertyPath: m_LocalRotation.y
      value: -0.39488474
      objectReference: {fileID: 0}
    - target: {fileID: 400000, guid: 90a8f368271acd947a0d6b4fbc36a8d1, type: 3}
      propertyPath: m_LocalRotation.z
      value: -0.5865712
      objectReference: {fileID: 0}
    - target: {fileID: 400000, guid: 90a8f368271acd947a0d6b4fbc36a8d1, type: 3}
      propertyPath: m_LocalRotation.w
      value: 0.5865717
      objectReference: {fileID: 0}
    - target: {fileID: 400000, guid: 90a8f368271acd947a0d6b4fbc36a8d1, type: 3}
      propertyPath: m_RootOrder
      value: 21
      objectReference: {fileID: 0}
    - target: {fileID: 400000, guid: 90a8f368271acd947a0d6b4fbc36a8d1, type: 3}
      propertyPath: m_LocalEulerAnglesHint.x
      value: 0
      objectReference: {fileID: 0}
    - target: {fileID: 400000, guid: 90a8f368271acd947a0d6b4fbc36a8d1, type: 3}
      propertyPath: m_LocalEulerAnglesHint.y
      value: -67.898
      objectReference: {fileID: 0}
    - target: {fileID: 400000, guid: 90a8f368271acd947a0d6b4fbc36a8d1, type: 3}
      propertyPath: m_LocalEulerAnglesHint.z
      value: -90.00001
      objectReference: {fileID: 0}
    - target: {fileID: 400000, guid: 90a8f368271acd947a0d6b4fbc36a8d1, type: 3}
      propertyPath: m_LocalScale.x
      value: 2.0337644
      objectReference: {fileID: 0}
    - target: {fileID: 400000, guid: 90a8f368271acd947a0d6b4fbc36a8d1, type: 3}
      propertyPath: m_LocalScale.y
      value: 2.0337617
      objectReference: {fileID: 0}
    - target: {fileID: 400000, guid: 90a8f368271acd947a0d6b4fbc36a8d1, type: 3}
      propertyPath: m_LocalScale.z
      value: 2.0337632
      objectReference: {fileID: 0}
    m_RemovedComponents: []
  m_SourcePrefab: {fileID: 100100000, guid: 90a8f368271acd947a0d6b4fbc36a8d1, type: 3}
--- !u!4 &3396409763818626968 stripped
Transform:
  m_CorrespondingSourceObject: {fileID: 400000, guid: 90a8f368271acd947a0d6b4fbc36a8d1,
    type: 3}
  m_PrefabInstance: {fileID: 3396409763818751256}
  m_PrefabAsset: {fileID: 0}
--- !u!1001 &3420247940877246318
PrefabInstance:
  m_ObjectHideFlags: 0
  serializedVersion: 2
  m_Modification:
    m_TransformParent: {fileID: 6765898231818761408}
    m_Modifications:
    - target: {fileID: 100000, guid: 90a8f368271acd947a0d6b4fbc36a8d1, type: 3}
      propertyPath: m_Name
      value: fi_vil_food_fish02_01
      objectReference: {fileID: 0}
    - target: {fileID: 400000, guid: 90a8f368271acd947a0d6b4fbc36a8d1, type: 3}
      propertyPath: m_LocalPosition.x
      value: 1.2032734
      objectReference: {fileID: 0}
    - target: {fileID: 400000, guid: 90a8f368271acd947a0d6b4fbc36a8d1, type: 3}
      propertyPath: m_LocalPosition.y
      value: 2.061
      objectReference: {fileID: 0}
    - target: {fileID: 400000, guid: 90a8f368271acd947a0d6b4fbc36a8d1, type: 3}
      propertyPath: m_LocalPosition.z
      value: -1.9567155
      objectReference: {fileID: 0}
    - target: {fileID: 400000, guid: 90a8f368271acd947a0d6b4fbc36a8d1, type: 3}
      propertyPath: m_LocalRotation.x
      value: 0.55249
      objectReference: {fileID: 0}
    - target: {fileID: 400000, guid: 90a8f368271acd947a0d6b4fbc36a8d1, type: 3}
      propertyPath: m_LocalRotation.y
      value: -0.55249035
      objectReference: {fileID: 0}
    - target: {fileID: 400000, guid: 90a8f368271acd947a0d6b4fbc36a8d1, type: 3}
      propertyPath: m_LocalRotation.z
      value: 0.44131005
      objectReference: {fileID: 0}
    - target: {fileID: 400000, guid: 90a8f368271acd947a0d6b4fbc36a8d1, type: 3}
      propertyPath: m_LocalRotation.w
      value: -0.4413103
      objectReference: {fileID: 0}
    - target: {fileID: 400000, guid: 90a8f368271acd947a0d6b4fbc36a8d1, type: 3}
      propertyPath: m_RootOrder
      value: 23
      objectReference: {fileID: 0}
    - target: {fileID: 400000, guid: 90a8f368271acd947a0d6b4fbc36a8d1, type: 3}
      propertyPath: m_LocalEulerAnglesHint.x
      value: 0
      objectReference: {fileID: 0}
    - target: {fileID: 400000, guid: 90a8f368271acd947a0d6b4fbc36a8d1, type: 3}
      propertyPath: m_LocalEulerAnglesHint.y
      value: -257.233
      objectReference: {fileID: 0}
    - target: {fileID: 400000, guid: 90a8f368271acd947a0d6b4fbc36a8d1, type: 3}
      propertyPath: m_LocalEulerAnglesHint.z
      value: -90.00001
      objectReference: {fileID: 0}
    - target: {fileID: 400000, guid: 90a8f368271acd947a0d6b4fbc36a8d1, type: 3}
      propertyPath: m_LocalScale.x
      value: 2.0337644
      objectReference: {fileID: 0}
    - target: {fileID: 400000, guid: 90a8f368271acd947a0d6b4fbc36a8d1, type: 3}
      propertyPath: m_LocalScale.y
      value: 2.0337617
      objectReference: {fileID: 0}
    - target: {fileID: 400000, guid: 90a8f368271acd947a0d6b4fbc36a8d1, type: 3}
      propertyPath: m_LocalScale.z
      value: 2.0337632
      objectReference: {fileID: 0}
    m_RemovedComponents: []
  m_SourcePrefab: {fileID: 100100000, guid: 90a8f368271acd947a0d6b4fbc36a8d1, type: 3}
--- !u!4 &3420247940876846574 stripped
Transform:
  m_CorrespondingSourceObject: {fileID: 400000, guid: 90a8f368271acd947a0d6b4fbc36a8d1,
    type: 3}
  m_PrefabInstance: {fileID: 3420247940877246318}
  m_PrefabAsset: {fileID: 0}
--- !u!1001 &4160062087650649281
PrefabInstance:
  m_ObjectHideFlags: 0
  serializedVersion: 2
  m_Modification:
    m_TransformParent: {fileID: 1830837217389883714}
    m_Modifications:
    - target: {fileID: 100000, guid: 4f46fe1e85d768543bcf07d7243029e7, type: 3}
      propertyPath: m_Name
      value: fi_vil_food_fish01_01
      objectReference: {fileID: 0}
    - target: {fileID: 400000, guid: 4f46fe1e85d768543bcf07d7243029e7, type: 3}
      propertyPath: m_LocalPosition.x
      value: 0.03299941
      objectReference: {fileID: 0}
    - target: {fileID: 400000, guid: 4f46fe1e85d768543bcf07d7243029e7, type: 3}
      propertyPath: m_LocalPosition.y
      value: 0.88703
      objectReference: {fileID: 0}
    - target: {fileID: 400000, guid: 4f46fe1e85d768543bcf07d7243029e7, type: 3}
      propertyPath: m_LocalPosition.z
      value: 0.8479981
      objectReference: {fileID: 0}
    - target: {fileID: 400000, guid: 4f46fe1e85d768543bcf07d7243029e7, type: 3}
      propertyPath: m_LocalRotation.x
      value: -0
      objectReference: {fileID: 0}
    - target: {fileID: 400000, guid: 4f46fe1e85d768543bcf07d7243029e7, type: 3}
      propertyPath: m_LocalRotation.y
      value: -0
      objectReference: {fileID: 0}
    - target: {fileID: 400000, guid: 4f46fe1e85d768543bcf07d7243029e7, type: 3}
      propertyPath: m_LocalRotation.z
      value: -0
      objectReference: {fileID: 0}
    - target: {fileID: 400000, guid: 4f46fe1e85d768543bcf07d7243029e7, type: 3}
      propertyPath: m_LocalRotation.w
      value: 1
      objectReference: {fileID: 0}
    - target: {fileID: 400000, guid: 4f46fe1e85d768543bcf07d7243029e7, type: 3}
      propertyPath: m_RootOrder
      value: 0
      objectReference: {fileID: 0}
    - target: {fileID: 400000, guid: 4f46fe1e85d768543bcf07d7243029e7, type: 3}
      propertyPath: m_LocalEulerAnglesHint.x
      value: 0
      objectReference: {fileID: 0}
    - target: {fileID: 400000, guid: 4f46fe1e85d768543bcf07d7243029e7, type: 3}
      propertyPath: m_LocalEulerAnglesHint.y
      value: 81.810005
      objectReference: {fileID: 0}
    - target: {fileID: 400000, guid: 4f46fe1e85d768543bcf07d7243029e7, type: 3}
      propertyPath: m_LocalEulerAnglesHint.z
      value: 0
      objectReference: {fileID: 0}
    - target: {fileID: 400000, guid: 4f46fe1e85d768543bcf07d7243029e7, type: 3}
      propertyPath: m_LocalScale.x
      value: 1.3196217
      objectReference: {fileID: 0}
    - target: {fileID: 400000, guid: 4f46fe1e85d768543bcf07d7243029e7, type: 3}
      propertyPath: m_LocalScale.y
      value: 1.3196203
      objectReference: {fileID: 0}
    - target: {fileID: 400000, guid: 4f46fe1e85d768543bcf07d7243029e7, type: 3}
      propertyPath: m_LocalScale.z
      value: 1.3196217
      objectReference: {fileID: 0}
    m_RemovedComponents: []
  m_SourcePrefab: {fileID: 100100000, guid: 4f46fe1e85d768543bcf07d7243029e7, type: 3}
--- !u!1001 &4605875510794613224
PrefabInstance:
  m_ObjectHideFlags: 0
  serializedVersion: 2
  m_Modification:
    m_TransformParent: {fileID: 6765898231818761408}
    m_Modifications:
    - target: {fileID: 100000, guid: 7b56ecc24e4c8b149b8574872482b318, type: 3}
      propertyPath: m_Name
      value: fi_vil_container_basket01_fish
      objectReference: {fileID: 0}
    - target: {fileID: 400000, guid: 7b56ecc24e4c8b149b8574872482b318, type: 3}
      propertyPath: m_LocalPosition.x
      value: 2.6693645
      objectReference: {fileID: 0}
    - target: {fileID: 400000, guid: 7b56ecc24e4c8b149b8574872482b318, type: 3}
      propertyPath: m_LocalPosition.y
      value: 0
      objectReference: {fileID: 0}
    - target: {fileID: 400000, guid: 7b56ecc24e4c8b149b8574872482b318, type: 3}
      propertyPath: m_LocalPosition.z
      value: -1.7330536
      objectReference: {fileID: 0}
    - target: {fileID: 400000, guid: 7b56ecc24e4c8b149b8574872482b318, type: 3}
      propertyPath: m_LocalRotation.x
      value: -0
      objectReference: {fileID: 0}
    - target: {fileID: 400000, guid: 7b56ecc24e4c8b149b8574872482b318, type: 3}
      propertyPath: m_LocalRotation.y
      value: 0.6548078
      objectReference: {fileID: 0}
    - target: {fileID: 400000, guid: 7b56ecc24e4c8b149b8574872482b318, type: 3}
      propertyPath: m_LocalRotation.z
      value: -0
      objectReference: {fileID: 0}
    - target: {fileID: 400000, guid: 7b56ecc24e4c8b149b8574872482b318, type: 3}
      propertyPath: m_LocalRotation.w
      value: 0.75579554
      objectReference: {fileID: 0}
    - target: {fileID: 400000, guid: 7b56ecc24e4c8b149b8574872482b318, type: 3}
      propertyPath: m_RootOrder
      value: 12
      objectReference: {fileID: 0}
    - target: {fileID: 400000, guid: 7b56ecc24e4c8b149b8574872482b318, type: 3}
      propertyPath: m_LocalEulerAnglesHint.x
      value: 0
      objectReference: {fileID: 0}
    - target: {fileID: 400000, guid: 7b56ecc24e4c8b149b8574872482b318, type: 3}
      propertyPath: m_LocalEulerAnglesHint.y
      value: 81.810005
      objectReference: {fileID: 0}
    - target: {fileID: 400000, guid: 7b56ecc24e4c8b149b8574872482b318, type: 3}
      propertyPath: m_LocalEulerAnglesHint.z
      value: 0
      objectReference: {fileID: 0}
    m_RemovedComponents: []
  m_SourcePrefab: {fileID: 100100000, guid: 7b56ecc24e4c8b149b8574872482b318, type: 3}
--- !u!4 &4605875510794480488 stripped
Transform:
  m_CorrespondingSourceObject: {fileID: 400000, guid: 7b56ecc24e4c8b149b8574872482b318,
    type: 3}
  m_PrefabInstance: {fileID: 4605875510794613224}
  m_PrefabAsset: {fileID: 0}
--- !u!1001 &4664185098364246259
PrefabInstance:
  m_ObjectHideFlags: 0
  serializedVersion: 2
  m_Modification:
    m_TransformParent: {fileID: 6765898231818761408}
    m_Modifications:
    - target: {fileID: 100000, guid: 90a8f368271acd947a0d6b4fbc36a8d1, type: 3}
      propertyPath: m_Name
      value: fi_vil_food_fish02_01
      objectReference: {fileID: 0}
    - target: {fileID: 400000, guid: 90a8f368271acd947a0d6b4fbc36a8d1, type: 3}
      propertyPath: m_LocalPosition.x
      value: 0.632
      objectReference: {fileID: 0}
    - target: {fileID: 400000, guid: 90a8f368271acd947a0d6b4fbc36a8d1, type: 3}
      propertyPath: m_LocalPosition.y
      value: 2.214
      objectReference: {fileID: 0}
    - target: {fileID: 400000, guid: 90a8f368271acd947a0d6b4fbc36a8d1, type: 3}
      propertyPath: m_LocalPosition.z
      value: -1.964
      objectReference: {fileID: 0}
    - target: {fileID: 400000, guid: 90a8f368271acd947a0d6b4fbc36a8d1, type: 3}
      propertyPath: m_LocalRotation.x
      value: -0.5300089
      objectReference: {fileID: 0}
    - target: {fileID: 400000, guid: 90a8f368271acd947a0d6b4fbc36a8d1, type: 3}
      propertyPath: m_LocalRotation.y
      value: 0.5300094
      objectReference: {fileID: 0}
    - target: {fileID: 400000, guid: 90a8f368271acd947a0d6b4fbc36a8d1, type: 3}
      propertyPath: m_LocalRotation.z
      value: -0.46807075
      objectReference: {fileID: 0}
    - target: {fileID: 400000, guid: 90a8f368271acd947a0d6b4fbc36a8d1, type: 3}
      propertyPath: m_LocalRotation.w
      value: 0.46807086
      objectReference: {fileID: 0}
    - target: {fileID: 400000, guid: 90a8f368271acd947a0d6b4fbc36a8d1, type: 3}
      propertyPath: m_RootOrder
      value: 22
      objectReference: {fileID: 0}
    - target: {fileID: 400000, guid: 90a8f368271acd947a0d6b4fbc36a8d1, type: 3}
      propertyPath: m_LocalEulerAnglesHint.x
      value: 0
      objectReference: {fileID: 0}
    - target: {fileID: 400000, guid: 90a8f368271acd947a0d6b4fbc36a8d1, type: 3}
      propertyPath: m_LocalEulerAnglesHint.y
      value: 97.102005
      objectReference: {fileID: 0}
    - target: {fileID: 400000, guid: 90a8f368271acd947a0d6b4fbc36a8d1, type: 3}
      propertyPath: m_LocalEulerAnglesHint.z
      value: -90.00001
      objectReference: {fileID: 0}
    - target: {fileID: 400000, guid: 90a8f368271acd947a0d6b4fbc36a8d1, type: 3}
      propertyPath: m_LocalScale.x
      value: 1.7407895
      objectReference: {fileID: 0}
    - target: {fileID: 400000, guid: 90a8f368271acd947a0d6b4fbc36a8d1, type: 3}
      propertyPath: m_LocalScale.y
      value: 1.7407873
      objectReference: {fileID: 0}
    - target: {fileID: 400000, guid: 90a8f368271acd947a0d6b4fbc36a8d1, type: 3}
      propertyPath: m_LocalScale.z
      value: 1.7407885
      objectReference: {fileID: 0}
    m_RemovedComponents: []
  m_SourcePrefab: {fileID: 100100000, guid: 90a8f368271acd947a0d6b4fbc36a8d1, type: 3}
--- !u!4 &4664185098364371571 stripped
Transform:
  m_CorrespondingSourceObject: {fileID: 400000, guid: 90a8f368271acd947a0d6b4fbc36a8d1,
    type: 3}
  m_PrefabInstance: {fileID: 4664185098364246259}
  m_PrefabAsset: {fileID: 0}
--- !u!1001 &4987693485268512104
PrefabInstance:
  m_ObjectHideFlags: 0
  serializedVersion: 2
  m_Modification:
    m_TransformParent: {fileID: 1830837217389883714}
    m_Modifications:
    - target: {fileID: 100000, guid: 987aeb5d6c6566842aff932ad9060b56, type: 3}
      propertyPath: m_Name
      value: fi_vil_food_fish02_02
      objectReference: {fileID: 0}
    - target: {fileID: 400000, guid: 987aeb5d6c6566842aff932ad9060b56, type: 3}
      propertyPath: m_LocalPosition.x
      value: 0.22899985
      objectReference: {fileID: 0}
    - target: {fileID: 400000, guid: 987aeb5d6c6566842aff932ad9060b56, type: 3}
      propertyPath: m_LocalPosition.y
      value: 0.88811
      objectReference: {fileID: 0}
    - target: {fileID: 400000, guid: 987aeb5d6c6566842aff932ad9060b56, type: 3}
      propertyPath: m_LocalPosition.z
      value: -0.41300035
      objectReference: {fileID: 0}
    - target: {fileID: 400000, guid: 987aeb5d6c6566842aff932ad9060b56, type: 3}
      propertyPath: m_LocalRotation.x
      value: -0
      objectReference: {fileID: 0}
    - target: {fileID: 400000, guid: 987aeb5d6c6566842aff932ad9060b56, type: 3}
      propertyPath: m_LocalRotation.y
      value: 0.70002383
      objectReference: {fileID: 0}
    - target: {fileID: 400000, guid: 987aeb5d6c6566842aff932ad9060b56, type: 3}
      propertyPath: m_LocalRotation.z
      value: -0
      objectReference: {fileID: 0}
    - target: {fileID: 400000, guid: 987aeb5d6c6566842aff932ad9060b56, type: 3}
      propertyPath: m_LocalRotation.w
      value: -0.71411955
      objectReference: {fileID: 0}
    - target: {fileID: 400000, guid: 987aeb5d6c6566842aff932ad9060b56, type: 3}
      propertyPath: m_RootOrder
      value: 2
      objectReference: {fileID: 0}
    - target: {fileID: 400000, guid: 987aeb5d6c6566842aff932ad9060b56, type: 3}
      propertyPath: m_LocalEulerAnglesHint.x
      value: 0
      objectReference: {fileID: 0}
    - target: {fileID: 400000, guid: 987aeb5d6c6566842aff932ad9060b56, type: 3}
      propertyPath: m_LocalEulerAnglesHint.y
      value: 352.952
      objectReference: {fileID: 0}
    - target: {fileID: 400000, guid: 987aeb5d6c6566842aff932ad9060b56, type: 3}
      propertyPath: m_LocalEulerAnglesHint.z
      value: 0
      objectReference: {fileID: 0}
    - target: {fileID: 400000, guid: 987aeb5d6c6566842aff932ad9060b56, type: 3}
      propertyPath: m_LocalScale.x
      value: 1.1647018
      objectReference: {fileID: 0}
    - target: {fileID: 400000, guid: 987aeb5d6c6566842aff932ad9060b56, type: 3}
      propertyPath: m_LocalScale.y
      value: 1.1647
      objectReference: {fileID: 0}
    - target: {fileID: 400000, guid: 987aeb5d6c6566842aff932ad9060b56, type: 3}
      propertyPath: m_LocalScale.z
      value: 1.1647018
      objectReference: {fileID: 0}
    m_RemovedComponents: []
  m_SourcePrefab: {fileID: 100100000, guid: 987aeb5d6c6566842aff932ad9060b56, type: 3}
--- !u!1001 &5034622715576953943
PrefabInstance:
  m_ObjectHideFlags: 0
  serializedVersion: 2
  m_Modification:
    m_TransformParent: {fileID: 1465147214662078273}
    m_Modifications:
    - target: {fileID: 100000, guid: 90a8f368271acd947a0d6b4fbc36a8d1, type: 3}
      propertyPath: m_Name
      value: fi_vil_food_fish02_01
      objectReference: {fileID: 0}
    - target: {fileID: 400000, guid: 90a8f368271acd947a0d6b4fbc36a8d1, type: 3}
      propertyPath: m_LocalPosition.x
      value: 0.2832
      objectReference: {fileID: 0}
    - target: {fileID: 400000, guid: 90a8f368271acd947a0d6b4fbc36a8d1, type: 3}
      propertyPath: m_LocalPosition.y
      value: 0.89331
      objectReference: {fileID: 0}
    - target: {fileID: 400000, guid: 90a8f368271acd947a0d6b4fbc36a8d1, type: 3}
      propertyPath: m_LocalPosition.z
      value: -0.34899977
      objectReference: {fileID: 0}
    - target: {fileID: 400000, guid: 90a8f368271acd947a0d6b4fbc36a8d1, type: 3}
      propertyPath: m_LocalRotation.x
      value: -0
      objectReference: {fileID: 0}
    - target: {fileID: 400000, guid: 90a8f368271acd947a0d6b4fbc36a8d1, type: 3}
      propertyPath: m_LocalRotation.y
      value: -0.7162135
      objectReference: {fileID: 0}
    - target: {fileID: 400000, guid: 90a8f368271acd947a0d6b4fbc36a8d1, type: 3}
      propertyPath: m_LocalRotation.z
      value: -0
      objectReference: {fileID: 0}
    - target: {fileID: 400000, guid: 90a8f368271acd947a0d6b4fbc36a8d1, type: 3}
      propertyPath: m_LocalRotation.w
      value: 0.6978813
      objectReference: {fileID: 0}
    - target: {fileID: 400000, guid: 90a8f368271acd947a0d6b4fbc36a8d1, type: 3}
      propertyPath: m_RootOrder
      value: 1
      objectReference: {fileID: 0}
    - target: {fileID: 400000, guid: 90a8f368271acd947a0d6b4fbc36a8d1, type: 3}
      propertyPath: m_LocalEulerAnglesHint.x
      value: 0
      objectReference: {fileID: 0}
    - target: {fileID: 400000, guid: 90a8f368271acd947a0d6b4fbc36a8d1, type: 3}
      propertyPath: m_LocalEulerAnglesHint.y
      value: -186.525
      objectReference: {fileID: 0}
    - target: {fileID: 400000, guid: 90a8f368271acd947a0d6b4fbc36a8d1, type: 3}
      propertyPath: m_LocalEulerAnglesHint.z
      value: 0
      objectReference: {fileID: 0}
    - target: {fileID: 400000, guid: 90a8f368271acd947a0d6b4fbc36a8d1, type: 3}
      propertyPath: m_LocalScale.x
      value: 1.1059588
      objectReference: {fileID: 0}
    - target: {fileID: 400000, guid: 90a8f368271acd947a0d6b4fbc36a8d1, type: 3}
      propertyPath: m_LocalScale.y
      value: 1.105958
      objectReference: {fileID: 0}
    - target: {fileID: 400000, guid: 90a8f368271acd947a0d6b4fbc36a8d1, type: 3}
      propertyPath: m_LocalScale.z
      value: 1.1059588
      objectReference: {fileID: 0}
    m_RemovedComponents: []
  m_SourcePrefab: {fileID: 100100000, guid: 90a8f368271acd947a0d6b4fbc36a8d1, type: 3}
--- !u!1001 &5073284666286492374
PrefabInstance:
  m_ObjectHideFlags: 0
  serializedVersion: 2
  m_Modification:
    m_TransformParent: {fileID: 6765898231818761408}
    m_Modifications:
    - target: {fileID: 24307675486337418, guid: caaf309ddab6245468b47731c37aee17,
        type: 3}
      propertyPath: m_Name
      value: CrateFishBSet02
      objectReference: {fileID: 0}
    - target: {fileID: 24307675486337419, guid: caaf309ddab6245468b47731c37aee17,
        type: 3}
      propertyPath: m_LocalPosition.x
      value: 3.045
      objectReference: {fileID: 0}
    - target: {fileID: 24307675486337419, guid: caaf309ddab6245468b47731c37aee17,
        type: 3}
      propertyPath: m_LocalPosition.y
      value: 0
      objectReference: {fileID: 0}
    - target: {fileID: 24307675486337419, guid: caaf309ddab6245468b47731c37aee17,
        type: 3}
      propertyPath: m_LocalPosition.z
      value: 1.585
      objectReference: {fileID: 0}
    - target: {fileID: 24307675486337419, guid: caaf309ddab6245468b47731c37aee17,
        type: 3}
      propertyPath: m_LocalRotation.x
      value: -0
      objectReference: {fileID: 0}
    - target: {fileID: 24307675486337419, guid: caaf309ddab6245468b47731c37aee17,
        type: 3}
      propertyPath: m_LocalRotation.y
      value: -0
      objectReference: {fileID: 0}
    - target: {fileID: 24307675486337419, guid: caaf309ddab6245468b47731c37aee17,
        type: 3}
      propertyPath: m_LocalRotation.z
      value: -0
      objectReference: {fileID: 0}
    - target: {fileID: 24307675486337419, guid: caaf309ddab6245468b47731c37aee17,
        type: 3}
      propertyPath: m_LocalRotation.w
      value: 1
      objectReference: {fileID: 0}
    - target: {fileID: 24307675486337419, guid: caaf309ddab6245468b47731c37aee17,
        type: 3}
      propertyPath: m_RootOrder
      value: 2
      objectReference: {fileID: 0}
    - target: {fileID: 24307675486337419, guid: caaf309ddab6245468b47731c37aee17,
        type: 3}
      propertyPath: m_LocalEulerAnglesHint.x
      value: 0
      objectReference: {fileID: 0}
    - target: {fileID: 24307675486337419, guid: caaf309ddab6245468b47731c37aee17,
        type: 3}
      propertyPath: m_LocalEulerAnglesHint.y
      value: 0
      objectReference: {fileID: 0}
    - target: {fileID: 24307675486337419, guid: caaf309ddab6245468b47731c37aee17,
        type: 3}
      propertyPath: m_LocalEulerAnglesHint.z
      value: 0
      objectReference: {fileID: 0}
    m_RemovedComponents: []
  m_SourcePrefab: {fileID: 100100000, guid: caaf309ddab6245468b47731c37aee17, type: 3}
--- !u!4 &5058024199304311645 stripped
Transform:
  m_CorrespondingSourceObject: {fileID: 24307675486337419, guid: caaf309ddab6245468b47731c37aee17,
    type: 3}
  m_PrefabInstance: {fileID: 5073284666286492374}
  m_PrefabAsset: {fileID: 0}
--- !u!1001 &5286620839257412257
PrefabInstance:
  m_ObjectHideFlags: 0
  serializedVersion: 2
  m_Modification:
    m_TransformParent: {fileID: 6765898231818761408}
    m_Modifications:
    - target: {fileID: 100000, guid: 7b56ecc24e4c8b149b8574872482b318, type: 3}
      propertyPath: m_Name
      value: fi_vil_container_basket01_fish
      objectReference: {fileID: 0}
    - target: {fileID: 400000, guid: 7b56ecc24e4c8b149b8574872482b318, type: 3}
      propertyPath: m_LocalPosition.x
      value: 2.2739973
      objectReference: {fileID: 0}
    - target: {fileID: 400000, guid: 7b56ecc24e4c8b149b8574872482b318, type: 3}
      propertyPath: m_LocalPosition.y
      value: 0
      objectReference: {fileID: 0}
    - target: {fileID: 400000, guid: 7b56ecc24e4c8b149b8574872482b318, type: 3}
      propertyPath: m_LocalPosition.z
      value: -2.361001
      objectReference: {fileID: 0}
    - target: {fileID: 400000, guid: 7b56ecc24e4c8b149b8574872482b318, type: 3}
      propertyPath: m_LocalRotation.x
      value: -0
      objectReference: {fileID: 0}
    - target: {fileID: 400000, guid: 7b56ecc24e4c8b149b8574872482b318, type: 3}
      propertyPath: m_LocalRotation.y
      value: 0.016144456
      objectReference: {fileID: 0}
    - target: {fileID: 400000, guid: 7b56ecc24e4c8b149b8574872482b318, type: 3}
      propertyPath: m_LocalRotation.z
      value: -0
      objectReference: {fileID: 0}
    - target: {fileID: 400000, guid: 7b56ecc24e4c8b149b8574872482b318, type: 3}
      propertyPath: m_LocalRotation.w
      value: 0.9998697
      objectReference: {fileID: 0}
    - target: {fileID: 400000, guid: 7b56ecc24e4c8b149b8574872482b318, type: 3}
      propertyPath: m_RootOrder
      value: 10
      objectReference: {fileID: 0}
    - target: {fileID: 400000, guid: 7b56ecc24e4c8b149b8574872482b318, type: 3}
      propertyPath: m_LocalEulerAnglesHint.x
      value: 0
      objectReference: {fileID: 0}
    - target: {fileID: 400000, guid: 7b56ecc24e4c8b149b8574872482b318, type: 3}
      propertyPath: m_LocalEulerAnglesHint.y
      value: 1.8500001
      objectReference: {fileID: 0}
    - target: {fileID: 400000, guid: 7b56ecc24e4c8b149b8574872482b318, type: 3}
      propertyPath: m_LocalEulerAnglesHint.z
      value: 0
      objectReference: {fileID: 0}
    m_RemovedComponents: []
  m_SourcePrefab: {fileID: 100100000, guid: 7b56ecc24e4c8b149b8574872482b318, type: 3}
--- !u!4 &5286620839257278497 stripped
Transform:
  m_CorrespondingSourceObject: {fileID: 400000, guid: 7b56ecc24e4c8b149b8574872482b318,
    type: 3}
  m_PrefabInstance: {fileID: 5286620839257412257}
  m_PrefabAsset: {fileID: 0}
--- !u!1001 &5312567484509431163
PrefabInstance:
  m_ObjectHideFlags: 0
  serializedVersion: 2
  m_Modification:
    m_TransformParent: {fileID: 1465147214662078273}
    m_Modifications:
    - target: {fileID: 100000, guid: 90a8f368271acd947a0d6b4fbc36a8d1, type: 3}
      propertyPath: m_Name
      value: fi_vil_food_fish02_01
      objectReference: {fileID: 0}
    - target: {fileID: 400000, guid: 90a8f368271acd947a0d6b4fbc36a8d1, type: 3}
      propertyPath: m_LocalPosition.x
      value: -0.104460366
      objectReference: {fileID: 0}
    - target: {fileID: 400000, guid: 90a8f368271acd947a0d6b4fbc36a8d1, type: 3}
      propertyPath: m_LocalPosition.y
      value: 0.82202
      objectReference: {fileID: 0}
    - target: {fileID: 400000, guid: 90a8f368271acd947a0d6b4fbc36a8d1, type: 3}
      propertyPath: m_LocalPosition.z
      value: 0.17829941
      objectReference: {fileID: 0}
    - target: {fileID: 400000, guid: 90a8f368271acd947a0d6b4fbc36a8d1, type: 3}
      propertyPath: m_LocalRotation.x
      value: -0
      objectReference: {fileID: 0}
    - target: {fileID: 400000, guid: 90a8f368271acd947a0d6b4fbc36a8d1, type: 3}
      propertyPath: m_LocalRotation.y
      value: -0.6087615
      objectReference: {fileID: 0}
    - target: {fileID: 400000, guid: 90a8f368271acd947a0d6b4fbc36a8d1, type: 3}
      propertyPath: m_LocalRotation.z
      value: -0
      objectReference: {fileID: 0}
    - target: {fileID: 400000, guid: 90a8f368271acd947a0d6b4fbc36a8d1, type: 3}
      propertyPath: m_LocalRotation.w
      value: 0.7933534
      objectReference: {fileID: 0}
    - target: {fileID: 400000, guid: 90a8f368271acd947a0d6b4fbc36a8d1, type: 3}
      propertyPath: m_RootOrder
      value: 0
      objectReference: {fileID: 0}
    - target: {fileID: 400000, guid: 90a8f368271acd947a0d6b4fbc36a8d1, type: 3}
      propertyPath: m_LocalEulerAnglesHint.x
      value: 0
      objectReference: {fileID: 0}
    - target: {fileID: 400000, guid: 90a8f368271acd947a0d6b4fbc36a8d1, type: 3}
      propertyPath: m_LocalEulerAnglesHint.y
      value: -170.04001
      objectReference: {fileID: 0}
    - target: {fileID: 400000, guid: 90a8f368271acd947a0d6b4fbc36a8d1, type: 3}
      propertyPath: m_LocalEulerAnglesHint.z
      value: 0
      objectReference: {fileID: 0}
    - target: {fileID: 400000, guid: 90a8f368271acd947a0d6b4fbc36a8d1, type: 3}
      propertyPath: m_LocalScale.x
      value: 1.9669824
      objectReference: {fileID: 0}
    - target: {fileID: 400000, guid: 90a8f368271acd947a0d6b4fbc36a8d1, type: 3}
      propertyPath: m_LocalScale.y
      value: 1.9669826
      objectReference: {fileID: 0}
    - target: {fileID: 400000, guid: 90a8f368271acd947a0d6b4fbc36a8d1, type: 3}
      propertyPath: m_LocalScale.z
      value: 1.9669824
      objectReference: {fileID: 0}
    m_RemovedComponents: []
  m_SourcePrefab: {fileID: 100100000, guid: 90a8f368271acd947a0d6b4fbc36a8d1, type: 3}
--- !u!1001 &6527471358097115403
PrefabInstance:
  m_ObjectHideFlags: 0
  serializedVersion: 2
  m_Modification:
    m_TransformParent: {fileID: 6765898231818761408}
    m_Modifications:
    - target: {fileID: 1291573458551687993, guid: 35c5955696fbd0c4184a1224c96df4ab,
        type: 3}
      propertyPath: m_LocalPosition.x
      value: -2.956
      objectReference: {fileID: 0}
    - target: {fileID: 1291573458551687993, guid: 35c5955696fbd0c4184a1224c96df4ab,
        type: 3}
      propertyPath: m_LocalPosition.y
      value: -0.03895539
      objectReference: {fileID: 0}
    - target: {fileID: 1291573458551687993, guid: 35c5955696fbd0c4184a1224c96df4ab,
        type: 3}
      propertyPath: m_LocalPosition.z
      value: 1.203
      objectReference: {fileID: 0}
    - target: {fileID: 1291573458551687993, guid: 35c5955696fbd0c4184a1224c96df4ab,
        type: 3}
      propertyPath: m_LocalRotation.x
      value: -0
      objectReference: {fileID: 0}
    - target: {fileID: 1291573458551687993, guid: 35c5955696fbd0c4184a1224c96df4ab,
        type: 3}
      propertyPath: m_LocalRotation.y
      value: 0.95073056
      objectReference: {fileID: 0}
    - target: {fileID: 1291573458551687993, guid: 35c5955696fbd0c4184a1224c96df4ab,
        type: 3}
      propertyPath: m_LocalRotation.z
      value: -0
      objectReference: {fileID: 0}
    - target: {fileID: 1291573458551687993, guid: 35c5955696fbd0c4184a1224c96df4ab,
        type: 3}
      propertyPath: m_LocalRotation.w
      value: 0.31001857
      objectReference: {fileID: 0}
    - target: {fileID: 1291573458551687993, guid: 35c5955696fbd0c4184a1224c96df4ab,
        type: 3}
      propertyPath: m_RootOrder
      value: 7
      objectReference: {fileID: 0}
    - target: {fileID: 1291573458551687993, guid: 35c5955696fbd0c4184a1224c96df4ab,
        type: 3}
      propertyPath: m_LocalEulerAnglesHint.x
      value: 0
      objectReference: {fileID: 0}
    - target: {fileID: 1291573458551687993, guid: 35c5955696fbd0c4184a1224c96df4ab,
        type: 3}
      propertyPath: m_LocalEulerAnglesHint.y
      value: 143.87901
      objectReference: {fileID: 0}
    - target: {fileID: 1291573458551687993, guid: 35c5955696fbd0c4184a1224c96df4ab,
        type: 3}
      propertyPath: m_LocalEulerAnglesHint.z
      value: 0
      objectReference: {fileID: 0}
    - target: {fileID: 3524672545565850181, guid: 35c5955696fbd0c4184a1224c96df4ab,
        type: 3}
      propertyPath: m_Name
      value: CrateFishBSet03
      objectReference: {fileID: 0}
    m_RemovedComponents: []
  m_SourcePrefab: {fileID: 100100000, guid: 35c5955696fbd0c4184a1224c96df4ab, type: 3}
--- !u!4 &5438848246948659762 stripped
Transform:
  m_CorrespondingSourceObject: {fileID: 1291573458551687993, guid: 35c5955696fbd0c4184a1224c96df4ab,
    type: 3}
  m_PrefabInstance: {fileID: 6527471358097115403}
  m_PrefabAsset: {fileID: 0}
--- !u!1001 &7330557519043399774
PrefabInstance:
  m_ObjectHideFlags: 0
  serializedVersion: 2
  m_Modification:
    m_TransformParent: {fileID: 6765898231818761408}
    m_Modifications:
    - target: {fileID: 4181007710819609428, guid: c2b9876b57555084bab7a86cbbecc791,
        type: 3}
      propertyPath: m_LocalPosition.x
      value: 3.197
      objectReference: {fileID: 0}
    - target: {fileID: 4181007710819609428, guid: c2b9876b57555084bab7a86cbbecc791,
        type: 3}
      propertyPath: m_LocalPosition.y
      value: 0.002383917
      objectReference: {fileID: 0}
    - target: {fileID: 4181007710819609428, guid: c2b9876b57555084bab7a86cbbecc791,
        type: 3}
      propertyPath: m_LocalPosition.z
      value: -1.174
      objectReference: {fileID: 0}
    - target: {fileID: 4181007710819609428, guid: c2b9876b57555084bab7a86cbbecc791,
        type: 3}
      propertyPath: m_LocalRotation.x
      value: -0
      objectReference: {fileID: 0}
    - target: {fileID: 4181007710819609428, guid: c2b9876b57555084bab7a86cbbecc791,
        type: 3}
      propertyPath: m_LocalRotation.y
      value: -0
      objectReference: {fileID: 0}
    - target: {fileID: 4181007710819609428, guid: c2b9876b57555084bab7a86cbbecc791,
        type: 3}
      propertyPath: m_LocalRotation.z
      value: -0
      objectReference: {fileID: 0}
    - target: {fileID: 4181007710819609428, guid: c2b9876b57555084bab7a86cbbecc791,
        type: 3}
      propertyPath: m_LocalRotation.w
      value: 1
      objectReference: {fileID: 0}
    - target: {fileID: 4181007710819609428, guid: c2b9876b57555084bab7a86cbbecc791,
        type: 3}
      propertyPath: m_RootOrder
      value: 6
      objectReference: {fileID: 0}
    - target: {fileID: 4181007710819609428, guid: c2b9876b57555084bab7a86cbbecc791,
        type: 3}
      propertyPath: m_LocalEulerAnglesHint.x
      value: 0
      objectReference: {fileID: 0}
    - target: {fileID: 4181007710819609428, guid: c2b9876b57555084bab7a86cbbecc791,
        type: 3}
      propertyPath: m_LocalEulerAnglesHint.y
      value: 0
      objectReference: {fileID: 0}
    - target: {fileID: 4181007710819609428, guid: c2b9876b57555084bab7a86cbbecc791,
        type: 3}
      propertyPath: m_LocalEulerAnglesHint.z
      value: 0
      objectReference: {fileID: 0}
    - target: {fileID: 4181007710819609431, guid: c2b9876b57555084bab7a86cbbecc791,
        type: 3}
      propertyPath: m_Name
      value: CrateFishASet03
      objectReference: {fileID: 0}
    m_RemovedComponents: []
  m_SourcePrefab: {fileID: 100100000, guid: c2b9876b57555084bab7a86cbbecc791, type: 3}
--- !u!4 &6899148929556085514 stripped
Transform:
  m_CorrespondingSourceObject: {fileID: 4181007710819609428, guid: c2b9876b57555084bab7a86cbbecc791,
    type: 3}
  m_PrefabInstance: {fileID: 7330557519043399774}
  m_PrefabAsset: {fileID: 0}
--- !u!1001 &7411881455269274771
PrefabInstance:
  m_ObjectHideFlags: 0
  serializedVersion: 2
  m_Modification:
    m_TransformParent: {fileID: 6765898231818761408}
    m_Modifications:
    - target: {fileID: 100000, guid: 90a8f368271acd947a0d6b4fbc36a8d1, type: 3}
      propertyPath: m_Name
      value: fi_vil_food_fish02_01
      objectReference: {fileID: 0}
    - target: {fileID: 400000, guid: 90a8f368271acd947a0d6b4fbc36a8d1, type: 3}
      propertyPath: m_LocalPosition.x
      value: 3.418
      objectReference: {fileID: 0}
    - target: {fileID: 400000, guid: 90a8f368271acd947a0d6b4fbc36a8d1, type: 3}
      propertyPath: m_LocalPosition.y
      value: 1.932
      objectReference: {fileID: 0}
    - target: {fileID: 400000, guid: 90a8f368271acd947a0d6b4fbc36a8d1, type: 3}
      propertyPath: m_LocalPosition.z
      value: 1.211
      objectReference: {fileID: 0}
    - target: {fileID: 400000, guid: 90a8f368271acd947a0d6b4fbc36a8d1, type: 3}
      propertyPath: m_LocalRotation.x
      value: -0.7010571
      objectReference: {fileID: 0}
    - target: {fileID: 400000, guid: 90a8f368271acd947a0d6b4fbc36a8d1, type: 3}
      propertyPath: m_LocalRotation.y
      value: 0.70105773
      objectReference: {fileID: 0}
    - target: {fileID: 400000, guid: 90a8f368271acd947a0d6b4fbc36a8d1, type: 3}
      propertyPath: m_LocalRotation.z
      value: -0.092296034
      objectReference: {fileID: 0}
    - target: {fileID: 400000, guid: 90a8f368271acd947a0d6b4fbc36a8d1, type: 3}
      propertyPath: m_LocalRotation.w
      value: 0.09229592
      objectReference: {fileID: 0}
    - target: {fileID: 400000, guid: 90a8f368271acd947a0d6b4fbc36a8d1, type: 3}
      propertyPath: m_RootOrder
      value: 15
      objectReference: {fileID: 0}
    - target: {fileID: 400000, guid: 90a8f368271acd947a0d6b4fbc36a8d1, type: 3}
      propertyPath: m_LocalEulerAnglesHint.x
      value: 0
      objectReference: {fileID: 0}
    - target: {fileID: 400000, guid: 90a8f368271acd947a0d6b4fbc36a8d1, type: 3}
      propertyPath: m_LocalEulerAnglesHint.y
      value: 165.00002
      objectReference: {fileID: 0}
    - target: {fileID: 400000, guid: 90a8f368271acd947a0d6b4fbc36a8d1, type: 3}
      propertyPath: m_LocalEulerAnglesHint.z
      value: -90.00001
      objectReference: {fileID: 0}
    - target: {fileID: 400000, guid: 90a8f368271acd947a0d6b4fbc36a8d1, type: 3}
      propertyPath: m_LocalScale.x
      value: 1.7407895
      objectReference: {fileID: 0}
    - target: {fileID: 400000, guid: 90a8f368271acd947a0d6b4fbc36a8d1, type: 3}
      propertyPath: m_LocalScale.y
      value: 1.7407873
      objectReference: {fileID: 0}
    - target: {fileID: 400000, guid: 90a8f368271acd947a0d6b4fbc36a8d1, type: 3}
      propertyPath: m_LocalScale.z
      value: 1.7407885
      objectReference: {fileID: 0}
    m_RemovedComponents: []
  m_SourcePrefab: {fileID: 100100000, guid: 90a8f368271acd947a0d6b4fbc36a8d1, type: 3}
--- !u!4 &7411881455269674515 stripped
Transform:
  m_CorrespondingSourceObject: {fileID: 400000, guid: 90a8f368271acd947a0d6b4fbc36a8d1,
    type: 3}
  m_PrefabInstance: {fileID: 7411881455269274771}
  m_PrefabAsset: {fileID: 0}
--- !u!1001 &8540657774686112773
PrefabInstance:
  m_ObjectHideFlags: 0
  serializedVersion: 2
  m_Modification:
    m_TransformParent: {fileID: 6765898231818761408}
    m_Modifications:
    - target: {fileID: 100000, guid: 4f46fe1e85d768543bcf07d7243029e7, type: 3}
      propertyPath: m_Name
      value: fi_vil_food_fish01_01
      objectReference: {fileID: 0}
    - target: {fileID: 400000, guid: 4f46fe1e85d768543bcf07d7243029e7, type: 3}
      propertyPath: m_LocalPosition.x
      value: -3.44
      objectReference: {fileID: 0}
    - target: {fileID: 400000, guid: 4f46fe1e85d768543bcf07d7243029e7, type: 3}
      propertyPath: m_LocalPosition.y
      value: 2.308
      objectReference: {fileID: 0}
    - target: {fileID: 400000, guid: 4f46fe1e85d768543bcf07d7243029e7, type: 3}
      propertyPath: m_LocalPosition.z
      value: 0.769
      objectReference: {fileID: 0}
    - target: {fileID: 400000, guid: 4f46fe1e85d768543bcf07d7243029e7, type: 3}
      propertyPath: m_LocalRotation.x
      value: -0.000000059604645
      objectReference: {fileID: 0}
    - target: {fileID: 400000, guid: 4f46fe1e85d768543bcf07d7243029e7, type: 3}
      propertyPath: m_LocalRotation.y
      value: 0.00000011920929
      objectReference: {fileID: 0}
    - target: {fileID: 400000, guid: 4f46fe1e85d768543bcf07d7243029e7, type: 3}
      propertyPath: m_LocalRotation.z
      value: -0.7071071
      objectReference: {fileID: 0}
    - target: {fileID: 400000, guid: 4f46fe1e85d768543bcf07d7243029e7, type: 3}
      propertyPath: m_LocalRotation.w
      value: 0.70710653
      objectReference: {fileID: 0}
    - target: {fileID: 400000, guid: 4f46fe1e85d768543bcf07d7243029e7, type: 3}
      propertyPath: m_RootOrder
      value: 16
      objectReference: {fileID: 0}
    - target: {fileID: 400000, guid: 4f46fe1e85d768543bcf07d7243029e7, type: 3}
      propertyPath: m_LocalEulerAnglesHint.x
      value: 0
      objectReference: {fileID: 0}
    - target: {fileID: 400000, guid: 4f46fe1e85d768543bcf07d7243029e7, type: 3}
      propertyPath: m_LocalEulerAnglesHint.y
      value: 0
      objectReference: {fileID: 0}
    - target: {fileID: 400000, guid: 4f46fe1e85d768543bcf07d7243029e7, type: 3}
      propertyPath: m_LocalEulerAnglesHint.z
      value: -90.00001
      objectReference: {fileID: 0}
    m_RemovedComponents: []
  m_SourcePrefab: {fileID: 100100000, guid: 4f46fe1e85d768543bcf07d7243029e7, type: 3}
--- !u!4 &8540657774686508677 stripped
Transform:
  m_CorrespondingSourceObject: {fileID: 400000, guid: 4f46fe1e85d768543bcf07d7243029e7,
    type: 3}
  m_PrefabInstance: {fileID: 8540657774686112773}
  m_PrefabAsset: {fileID: 0}
--- !u!1001 &8697116823177201059
PrefabInstance:
  m_ObjectHideFlags: 0
  serializedVersion: 2
  m_Modification:
    m_TransformParent: {fileID: 6765898231818761408}
    m_Modifications:
    - target: {fileID: 100000, guid: 90a8f368271acd947a0d6b4fbc36a8d1, type: 3}
      propertyPath: m_Name
      value: fi_vil_food_fish02_01
      objectReference: {fileID: 0}
    - target: {fileID: 400000, guid: 90a8f368271acd947a0d6b4fbc36a8d1, type: 3}
      propertyPath: m_LocalPosition.x
      value: -3.178
      objectReference: {fileID: 0}
    - target: {fileID: 400000, guid: 90a8f368271acd947a0d6b4fbc36a8d1, type: 3}
      propertyPath: m_LocalPosition.y
      value: 1.932
      objectReference: {fileID: 0}
    - target: {fileID: 400000, guid: 90a8f368271acd947a0d6b4fbc36a8d1, type: 3}
      propertyPath: m_LocalPosition.z
      value: -1.194
      objectReference: {fileID: 0}
    - target: {fileID: 400000, guid: 90a8f368271acd947a0d6b4fbc36a8d1, type: 3}
      propertyPath: m_LocalRotation.x
      value: -0.7010572
      objectReference: {fileID: 0}
    - target: {fileID: 400000, guid: 90a8f368271acd947a0d6b4fbc36a8d1, type: 3}
      propertyPath: m_LocalRotation.y
      value: 0.7010577
      objectReference: {fileID: 0}
    - target: {fileID: 400000, guid: 90a8f368271acd947a0d6b4fbc36a8d1, type: 3}
      propertyPath: m_LocalRotation.z
      value: -0.09229593
      objectReference: {fileID: 0}
    - target: {fileID: 400000, guid: 90a8f368271acd947a0d6b4fbc36a8d1, type: 3}
      propertyPath: m_LocalRotation.w
      value: 0.092295825
      objectReference: {fileID: 0}
    - target: {fileID: 400000, guid: 90a8f368271acd947a0d6b4fbc36a8d1, type: 3}
      propertyPath: m_RootOrder
      value: 18
      objectReference: {fileID: 0}
    - target: {fileID: 400000, guid: 90a8f368271acd947a0d6b4fbc36a8d1, type: 3}
      propertyPath: m_LocalEulerAnglesHint.x
      value: 0
      objectReference: {fileID: 0}
    - target: {fileID: 400000, guid: 90a8f368271acd947a0d6b4fbc36a8d1, type: 3}
      propertyPath: m_LocalEulerAnglesHint.y
      value: 165.00002
      objectReference: {fileID: 0}
    - target: {fileID: 400000, guid: 90a8f368271acd947a0d6b4fbc36a8d1, type: 3}
      propertyPath: m_LocalEulerAnglesHint.z
      value: -90.00001
      objectReference: {fileID: 0}
    - target: {fileID: 400000, guid: 90a8f368271acd947a0d6b4fbc36a8d1, type: 3}
      propertyPath: m_LocalScale.x
      value: 1.7407895
      objectReference: {fileID: 0}
    - target: {fileID: 400000, guid: 90a8f368271acd947a0d6b4fbc36a8d1, type: 3}
      propertyPath: m_LocalScale.y
      value: 1.7407876
      objectReference: {fileID: 0}
    - target: {fileID: 400000, guid: 90a8f368271acd947a0d6b4fbc36a8d1, type: 3}
      propertyPath: m_LocalScale.z
      value: 1.7407893
      objectReference: {fileID: 0}
    m_RemovedComponents: []
  m_SourcePrefab: {fileID: 100100000, guid: 90a8f368271acd947a0d6b4fbc36a8d1, type: 3}
--- !u!4 &8697116823177076515 stripped
Transform:
  m_CorrespondingSourceObject: {fileID: 400000, guid: 90a8f368271acd947a0d6b4fbc36a8d1,
    type: 3}
  m_PrefabInstance: {fileID: 8697116823177201059}
  m_PrefabAsset: {fileID: 0}
--- !u!1001 &8911669863419979866
PrefabInstance:
  m_ObjectHideFlags: 0
  serializedVersion: 2
  m_Modification:
    m_TransformParent: {fileID: 1830837217389883714}
    m_Modifications:
    - target: {fileID: 100000, guid: c25f92de945069a4e817a6dc615efe12, type: 3}
      propertyPath: m_Name
      value: fi_vil_food_fish01_02
      objectReference: {fileID: 0}
    - target: {fileID: 400000, guid: c25f92de945069a4e817a6dc615efe12, type: 3}
      propertyPath: m_LocalPosition.x
      value: -0.006000556
      objectReference: {fileID: 0}
    - target: {fileID: 400000, guid: c25f92de945069a4e817a6dc615efe12, type: 3}
      propertyPath: m_LocalPosition.y
      value: 0.88823
      objectReference: {fileID: 0}
    - target: {fileID: 400000, guid: c25f92de945069a4e817a6dc615efe12, type: 3}
      propertyPath: m_LocalPosition.z
      value: 0.4149998
      objectReference: {fileID: 0}
    - target: {fileID: 400000, guid: c25f92de945069a4e817a6dc615efe12, type: 3}
      propertyPath: m_LocalRotation.x
      value: -0
      objectReference: {fileID: 0}
    - target: {fileID: 400000, guid: c25f92de945069a4e817a6dc615efe12, type: 3}
      propertyPath: m_LocalRotation.y
      value: 0.15655048
      objectReference: {fileID: 0}
    - target: {fileID: 400000, guid: c25f92de945069a4e817a6dc615efe12, type: 3}
      propertyPath: m_LocalRotation.z
      value: -0
      objectReference: {fileID: 0}
    - target: {fileID: 400000, guid: c25f92de945069a4e817a6dc615efe12, type: 3}
      propertyPath: m_LocalRotation.w
      value: 0.98766994
      objectReference: {fileID: 0}
    - target: {fileID: 400000, guid: c25f92de945069a4e817a6dc615efe12, type: 3}
      propertyPath: m_RootOrder
      value: 1
      objectReference: {fileID: 0}
    - target: {fileID: 400000, guid: c25f92de945069a4e817a6dc615efe12, type: 3}
      propertyPath: m_LocalEulerAnglesHint.x
      value: 0
      objectReference: {fileID: 0}
    - target: {fileID: 400000, guid: c25f92de945069a4e817a6dc615efe12, type: 3}
      propertyPath: m_LocalEulerAnglesHint.y
      value: 99.824005
      objectReference: {fileID: 0}
    - target: {fileID: 400000, guid: c25f92de945069a4e817a6dc615efe12, type: 3}
      propertyPath: m_LocalEulerAnglesHint.z
      value: 0
      objectReference: {fileID: 0}
    - target: {fileID: 400000, guid: c25f92de945069a4e817a6dc615efe12, type: 3}
      propertyPath: m_LocalScale.x
      value: 1.3136684
      objectReference: {fileID: 0}
    - target: {fileID: 400000, guid: c25f92de945069a4e817a6dc615efe12, type: 3}
      propertyPath: m_LocalScale.y
      value: 1.3136679
      objectReference: {fileID: 0}
    - target: {fileID: 400000, guid: c25f92de945069a4e817a6dc615efe12, type: 3}
      propertyPath: m_LocalScale.z
      value: 1.3136684
      objectReference: {fileID: 0}
    m_RemovedComponents: []
  m_SourcePrefab: {fileID: 100100000, guid: c25f92de945069a4e817a6dc615efe12, type: 3}
--- !u!1001 &9028478140405293066
PrefabInstance:
  m_ObjectHideFlags: 0
  serializedVersion: 2
  m_Modification:
    m_TransformParent: {fileID: 6765898231818761408}
    m_Modifications:
    - target: {fileID: 5171377068532972040, guid: bf70942c0dcab91448b67df7f309f479,
        type: 3}
      propertyPath: m_Name
      value: CrateFishB03
      objectReference: {fileID: 0}
    - target: {fileID: 5171377068532972041, guid: bf70942c0dcab91448b67df7f309f479,
        type: 3}
      propertyPath: m_LocalPosition.x
      value: -1.988
      objectReference: {fileID: 0}
    - target: {fileID: 5171377068532972041, guid: bf70942c0dcab91448b67df7f309f479,
        type: 3}
      propertyPath: m_LocalPosition.y
      value: 0.0023839176
      objectReference: {fileID: 0}
    - target: {fileID: 5171377068532972041, guid: bf70942c0dcab91448b67df7f309f479,
        type: 3}
      propertyPath: m_LocalPosition.z
      value: 2.297
      objectReference: {fileID: 0}
    - target: {fileID: 5171377068532972041, guid: bf70942c0dcab91448b67df7f309f479,
        type: 3}
      propertyPath: m_LocalRotation.x
      value: -0
      objectReference: {fileID: 0}
    - target: {fileID: 5171377068532972041, guid: bf70942c0dcab91448b67df7f309f479,
        type: 3}
      propertyPath: m_LocalRotation.y
      value: -0.70045006
      objectReference: {fileID: 0}
    - target: {fileID: 5171377068532972041, guid: bf70942c0dcab91448b67df7f309f479,
        type: 3}
      propertyPath: m_LocalRotation.z
      value: -0
      objectReference: {fileID: 0}
    - target: {fileID: 5171377068532972041, guid: bf70942c0dcab91448b67df7f309f479,
        type: 3}
      propertyPath: m_LocalRotation.w
      value: 0.7137015
      objectReference: {fileID: 0}
    - target: {fileID: 5171377068532972041, guid: bf70942c0dcab91448b67df7f309f479,
        type: 3}
      propertyPath: m_RootOrder
      value: 4
      objectReference: {fileID: 0}
    - target: {fileID: 5171377068532972041, guid: bf70942c0dcab91448b67df7f309f479,
        type: 3}
      propertyPath: m_LocalEulerAnglesHint.x
      value: 0
      objectReference: {fileID: 0}
    - target: {fileID: 5171377068532972041, guid: bf70942c0dcab91448b67df7f309f479,
        type: 3}
      propertyPath: m_LocalEulerAnglesHint.y
      value: -88.926
      objectReference: {fileID: 0}
    - target: {fileID: 5171377068532972041, guid: bf70942c0dcab91448b67df7f309f479,
        type: 3}
      propertyPath: m_LocalEulerAnglesHint.z
      value: 0
      objectReference: {fileID: 0}
    m_RemovedComponents: []
  m_SourcePrefab: {fileID: 100100000, guid: bf70942c0dcab91448b67df7f309f479, type: 3}
--- !u!4 &4219860772672412163 stripped
Transform:
  m_CorrespondingSourceObject: {fileID: 5171377068532972041, guid: bf70942c0dcab91448b67df7f309f479,
    type: 3}
  m_PrefabInstance: {fileID: 9028478140405293066}
  m_PrefabAsset: {fileID: 0}
