%YAML 1.1
%TAG !u! tag:unity3d.com,2011:
--- !u!1 &7052252037704415572
GameObject:
  m_ObjectHideFlags: 0
  m_CorrespondingSourceObject: {fileID: 0}
  m_PrefabInstance: {fileID: 0}
  m_PrefabAsset: {fileID: 0}
  serializedVersion: 6
  m_Component:
  - component: {fileID: 7052252037704415573}
  m_Layer: 0
  m_Name: Props
  m_TagString: Untagged
  m_Icon: {fileID: 0}
  m_NavMeshLayer: 0
  m_StaticEditorFlags: 0
  m_IsActive: 1
--- !u!4 &7052252037704415573
Transform:
  m_ObjectHideFlags: 0
  m_CorrespondingSourceObject: {fileID: 0}
  m_PrefabInstance: {fileID: 0}
  m_PrefabAsset: {fileID: 0}
  m_GameObject: {fileID: 7052252037704415572}
  m_LocalRotation: {x: -0, y: -0, z: -0, w: 1}
  m_LocalPosition: {x: 0, y: 0, z: 0}
  m_LocalScale: {x: 1, y: 1, z: 1}
  m_Children:
  - {fileID: 1783461737545021829}
  - {fileID: 2436422589319059937}
  - {fileID: 4588231418021038431}
  - {fileID: 7552867976856092671}
  - {fileID: 2449955305225923446}
  - {fileID: 4777872923170172638}
  - {fileID: 912081673292701046}
  - {fileID: 2211359474405103493}
  - {fileID: 3866222756522097938}
  - {fileID: 6082577080657273528}
  - {fileID: 6509094634365783542}
  - {fileID: 5408222033688889324}
  - {fileID: 3112530664472648591}
  - {fileID: 6551404436489893195}
  - {fileID: 4624200258665513505}
  - {fileID: 6721952591818139828}
  m_Father: {fileID: 7052252039033032122}
  m_RootOrder: 1
  m_LocalEulerAnglesHint: {x: 0, y: 0, z: 0}
--- !u!1 &7052252039033032121
GameObject:
  m_ObjectHideFlags: 0
  m_CorrespondingSourceObject: {fileID: 0}
  m_PrefabInstance: {fileID: 0}
  m_PrefabAsset: {fileID: 0}
  serializedVersion: 6
  m_Component:
  - component: {fileID: 7052252039033032122}
  m_Layer: 0
  m_Name: Trapper02_w
  m_TagString: Untagged
  m_Icon: {fileID: 0}
  m_NavMeshLayer: 0
  m_StaticEditorFlags: 0
  m_IsActive: 1
--- !u!4 &7052252039033032122
Transform:
  m_ObjectHideFlags: 0
  m_CorrespondingSourceObject: {fileID: 0}
  m_PrefabInstance: {fileID: 0}
  m_PrefabAsset: {fileID: 0}
  m_GameObject: {fileID: 7052252039033032121}
  m_LocalRotation: {x: -0, y: -0, z: -0, w: 1}
  m_LocalPosition: {x: 0, y: 0, z: 0}
  m_LocalScale: {x: 1, y: 1, z: 1}
  m_Children:
  - {fileID: 6755647991055703794}
  - {fileID: 7052252037704415573}
  m_Father: {fileID: 0}
  m_RootOrder: 0
  m_LocalEulerAnglesHint: {x: 0, y: 0, z: 0}
--- !u!1001 &912081673293082212
PrefabInstance:
  m_ObjectHideFlags: 0
  serializedVersion: 2
  m_Modification:
    m_TransformParent: {fileID: 7052252037704415573}
    m_Modifications:
    - target: {fileID: 187088, guid: b4b099af2aef3bb47ba1e771472a2e19, type: 3}
      propertyPath: m_Name
      value: fe_vil_market_cage03d
      objectReference: {fileID: 0}
    - target: {fileID: 422674, guid: b4b099af2aef3bb47ba1e771472a2e19, type: 3}
      propertyPath: m_LocalPosition.x
      value: 3.2
      objectReference: {fileID: 0}
    - target: {fileID: 422674, guid: b4b099af2aef3bb47ba1e771472a2e19, type: 3}
      propertyPath: m_LocalPosition.y
      value: 0
      objectReference: {fileID: 0}
    - target: {fileID: 422674, guid: b4b099af2aef3bb47ba1e771472a2e19, type: 3}
      propertyPath: m_LocalPosition.z
      value: -2.068
      objectReference: {fileID: 0}
    - target: {fileID: 422674, guid: b4b099af2aef3bb47ba1e771472a2e19, type: 3}
      propertyPath: m_LocalRotation.x
      value: -0
      objectReference: {fileID: 0}
    - target: {fileID: 422674, guid: b4b099af2aef3bb47ba1e771472a2e19, type: 3}
      propertyPath: m_LocalRotation.y
      value: -0
      objectReference: {fileID: 0}
    - target: {fileID: 422674, guid: b4b099af2aef3bb47ba1e771472a2e19, type: 3}
      propertyPath: m_LocalRotation.z
      value: -0
      objectReference: {fileID: 0}
    - target: {fileID: 422674, guid: b4b099af2aef3bb47ba1e771472a2e19, type: 3}
      propertyPath: m_LocalRotation.w
      value: 1
      objectReference: {fileID: 0}
    - target: {fileID: 422674, guid: b4b099af2aef3bb47ba1e771472a2e19, type: 3}
      propertyPath: m_RootOrder
      value: 6
      objectReference: {fileID: 0}
    - target: {fileID: 422674, guid: b4b099af2aef3bb47ba1e771472a2e19, type: 3}
      propertyPath: m_LocalEulerAnglesHint.x
      value: 0
      objectReference: {fileID: 0}
    - target: {fileID: 422674, guid: b4b099af2aef3bb47ba1e771472a2e19, type: 3}
      propertyPath: m_LocalEulerAnglesHint.y
      value: 0
      objectReference: {fileID: 0}
    - target: {fileID: 422674, guid: b4b099af2aef3bb47ba1e771472a2e19, type: 3}
      propertyPath: m_LocalEulerAnglesHint.z
      value: 0
      objectReference: {fileID: 0}
    m_RemovedComponents: []
  m_SourcePrefab: {fileID: 100100000, guid: b4b099af2aef3bb47ba1e771472a2e19, type: 3}
--- !u!4 &912081673292701046 stripped
Transform:
  m_CorrespondingSourceObject: {fileID: 422674, guid: b4b099af2aef3bb47ba1e771472a2e19,
    type: 3}
  m_PrefabInstance: {fileID: 912081673293082212}
  m_PrefabAsset: {fileID: 0}
--- !u!1001 &1783461737544554649
PrefabInstance:
  m_ObjectHideFlags: 0
  serializedVersion: 2
  m_Modification:
    m_TransformParent: {fileID: 7052252037704415573}
    m_Modifications:
    - target: {fileID: 132702, guid: 8c8f5be984e1a2f40b94d947eb33c8ce, type: 3}
      propertyPath: m_Name
      value: fe_vil_market_cage07d
      objectReference: {fileID: 0}
    - target: {fileID: 467228, guid: 8c8f5be984e1a2f40b94d947eb33c8ce, type: 3}
      propertyPath: m_LocalPosition.x
      value: 0.708
      objectReference: {fileID: 0}
    - target: {fileID: 467228, guid: 8c8f5be984e1a2f40b94d947eb33c8ce, type: 3}
      propertyPath: m_LocalPosition.y
      value: 0
      objectReference: {fileID: 0}
    - target: {fileID: 467228, guid: 8c8f5be984e1a2f40b94d947eb33c8ce, type: 3}
      propertyPath: m_LocalPosition.z
      value: 1.966
      objectReference: {fileID: 0}
    - target: {fileID: 467228, guid: 8c8f5be984e1a2f40b94d947eb33c8ce, type: 3}
      propertyPath: m_LocalRotation.x
      value: -0
      objectReference: {fileID: 0}
    - target: {fileID: 467228, guid: 8c8f5be984e1a2f40b94d947eb33c8ce, type: 3}
      propertyPath: m_LocalRotation.y
      value: -0.8641111
      objectReference: {fileID: 0}
    - target: {fileID: 467228, guid: 8c8f5be984e1a2f40b94d947eb33c8ce, type: 3}
      propertyPath: m_LocalRotation.z
      value: -0
      objectReference: {fileID: 0}
    - target: {fileID: 467228, guid: 8c8f5be984e1a2f40b94d947eb33c8ce, type: 3}
      propertyPath: m_LocalRotation.w
      value: 0.50330114
      objectReference: {fileID: 0}
    - target: {fileID: 467228, guid: 8c8f5be984e1a2f40b94d947eb33c8ce, type: 3}
      propertyPath: m_RootOrder
      value: 0
      objectReference: {fileID: 0}
    - target: {fileID: 467228, guid: 8c8f5be984e1a2f40b94d947eb33c8ce, type: 3}
      propertyPath: m_LocalEulerAnglesHint.x
      value: 0
      objectReference: {fileID: 0}
    - target: {fileID: 467228, guid: 8c8f5be984e1a2f40b94d947eb33c8ce, type: 3}
      propertyPath: m_LocalEulerAnglesHint.y
      value: -119.563
      objectReference: {fileID: 0}
    - target: {fileID: 467228, guid: 8c8f5be984e1a2f40b94d947eb33c8ce, type: 3}
      propertyPath: m_LocalEulerAnglesHint.z
      value: 0
      objectReference: {fileID: 0}
    m_RemovedComponents: []
  m_SourcePrefab: {fileID: 100100000, guid: 8c8f5be984e1a2f40b94d947eb33c8ce, type: 3}
--- !u!4 &1783461737545021829 stripped
Transform:
  m_CorrespondingSourceObject: {fileID: 467228, guid: 8c8f5be984e1a2f40b94d947eb33c8ce,
    type: 3}
  m_PrefabInstance: {fileID: 1783461737544554649}
  m_PrefabAsset: {fileID: 0}
--- !u!1001 &2211359474404961325
PrefabInstance:
  m_ObjectHideFlags: 0
  serializedVersion: 2
  m_Modification:
    m_TransformParent: {fileID: 7052252037704415573}
    m_Modifications:
    - target: {fileID: 162846, guid: 14223127bc909594dabdc32951d78bf6, type: 3}
      propertyPath: m_Name
      value: fe_vil_market_cage06b
      objectReference: {fileID: 0}
    - target: {fileID: 424872, guid: 14223127bc909594dabdc32951d78bf6, type: 3}
      propertyPath: m_LocalPosition.x
      value: 2.125
      objectReference: {fileID: 0}
    - target: {fileID: 424872, guid: 14223127bc909594dabdc32951d78bf6, type: 3}
      propertyPath: m_LocalPosition.y
      value: 0
      objectReference: {fileID: 0}
    - target: {fileID: 424872, guid: 14223127bc909594dabdc32951d78bf6, type: 3}
      propertyPath: m_LocalPosition.z
      value: -2.287
      objectReference: {fileID: 0}
    - target: {fileID: 424872, guid: 14223127bc909594dabdc32951d78bf6, type: 3}
      propertyPath: m_LocalRotation.x
      value: -0
      objectReference: {fileID: 0}
    - target: {fileID: 424872, guid: 14223127bc909594dabdc32951d78bf6, type: 3}
      propertyPath: m_LocalRotation.y
      value: 0.30081725
      objectReference: {fileID: 0}
    - target: {fileID: 424872, guid: 14223127bc909594dabdc32951d78bf6, type: 3}
      propertyPath: m_LocalRotation.z
      value: -0
      objectReference: {fileID: 0}
    - target: {fileID: 424872, guid: 14223127bc909594dabdc32951d78bf6, type: 3}
      propertyPath: m_LocalRotation.w
      value: 0.9536819
      objectReference: {fileID: 0}
    - target: {fileID: 424872, guid: 14223127bc909594dabdc32951d78bf6, type: 3}
      propertyPath: m_RootOrder
      value: 7
      objectReference: {fileID: 0}
    - target: {fileID: 424872, guid: 14223127bc909594dabdc32951d78bf6, type: 3}
      propertyPath: m_LocalEulerAnglesHint.x
      value: 0
      objectReference: {fileID: 0}
    - target: {fileID: 424872, guid: 14223127bc909594dabdc32951d78bf6, type: 3}
      propertyPath: m_LocalEulerAnglesHint.y
      value: 35.013
      objectReference: {fileID: 0}
    - target: {fileID: 424872, guid: 14223127bc909594dabdc32951d78bf6, type: 3}
      propertyPath: m_LocalEulerAnglesHint.z
      value: 0
      objectReference: {fileID: 0}
    m_RemovedComponents: []
  m_SourcePrefab: {fileID: 100100000, guid: 14223127bc909594dabdc32951d78bf6, type: 3}
--- !u!4 &2211359474405103493 stripped
Transform:
  m_CorrespondingSourceObject: {fileID: 424872, guid: 14223127bc909594dabdc32951d78bf6,
    type: 3}
  m_PrefabInstance: {fileID: 2211359474404961325}
  m_PrefabAsset: {fileID: 0}
--- !u!1001 &2436422589319473907
PrefabInstance:
  m_ObjectHideFlags: 0
  serializedVersion: 2
  m_Modification:
    m_TransformParent: {fileID: 7052252037704415573}
    m_Modifications:
    - target: {fileID: 187088, guid: b4b099af2aef3bb47ba1e771472a2e19, type: 3}
      propertyPath: m_Name
      value: fe_vil_market_cage03d
      objectReference: {fileID: 0}
    - target: {fileID: 422674, guid: b4b099af2aef3bb47ba1e771472a2e19, type: 3}
      propertyPath: m_LocalPosition.x
      value: 0.642
      objectReference: {fileID: 0}
    - target: {fileID: 422674, guid: b4b099af2aef3bb47ba1e771472a2e19, type: 3}
      propertyPath: m_LocalPosition.y
      value: 0
      objectReference: {fileID: 0}
    - target: {fileID: 422674, guid: b4b099af2aef3bb47ba1e771472a2e19, type: 3}
      propertyPath: m_LocalPosition.z
      value: 0.9
      objectReference: {fileID: 0}
    - target: {fileID: 422674, guid: b4b099af2aef3bb47ba1e771472a2e19, type: 3}
      propertyPath: m_LocalRotation.x
      value: -0
      objectReference: {fileID: 0}
    - target: {fileID: 422674, guid: b4b099af2aef3bb47ba1e771472a2e19, type: 3}
      propertyPath: m_LocalRotation.y
      value: -0
      objectReference: {fileID: 0}
    - target: {fileID: 422674, guid: b4b099af2aef3bb47ba1e771472a2e19, type: 3}
      propertyPath: m_LocalRotation.z
      value: -0
      objectReference: {fileID: 0}
    - target: {fileID: 422674, guid: b4b099af2aef3bb47ba1e771472a2e19, type: 3}
      propertyPath: m_LocalRotation.w
      value: 1
      objectReference: {fileID: 0}
    - target: {fileID: 422674, guid: b4b099af2aef3bb47ba1e771472a2e19, type: 3}
      propertyPath: m_RootOrder
      value: 1
      objectReference: {fileID: 0}
    - target: {fileID: 422674, guid: b4b099af2aef3bb47ba1e771472a2e19, type: 3}
      propertyPath: m_LocalEulerAnglesHint.x
      value: 0
      objectReference: {fileID: 0}
    - target: {fileID: 422674, guid: b4b099af2aef3bb47ba1e771472a2e19, type: 3}
      propertyPath: m_LocalEulerAnglesHint.y
      value: 0
      objectReference: {fileID: 0}
    - target: {fileID: 422674, guid: b4b099af2aef3bb47ba1e771472a2e19, type: 3}
      propertyPath: m_LocalEulerAnglesHint.z
      value: 0
      objectReference: {fileID: 0}
    m_RemovedComponents: []
  m_SourcePrefab: {fileID: 100100000, guid: b4b099af2aef3bb47ba1e771472a2e19, type: 3}
--- !u!4 &2436422589319059937 stripped
Transform:
  m_CorrespondingSourceObject: {fileID: 422674, guid: b4b099af2aef3bb47ba1e771472a2e19,
    type: 3}
  m_PrefabInstance: {fileID: 2436422589319473907}
  m_PrefabAsset: {fileID: 0}
--- !u!1001 &2449955305226086764
PrefabInstance:
  m_ObjectHideFlags: 0
  serializedVersion: 2
  m_Modification:
    m_TransformParent: {fileID: 7052252037704415573}
    m_Modifications:
    - target: {fileID: 111808, guid: 1aacbade58097784f8135003dbbde447, type: 3}
      propertyPath: m_Name
      value: fe_vil_market_cage01d
      objectReference: {fileID: 0}
    - target: {fileID: 426522, guid: 1aacbade58097784f8135003dbbde447, type: 3}
      propertyPath: m_LocalPosition.x
      value: 2.224
      objectReference: {fileID: 0}
    - target: {fileID: 426522, guid: 1aacbade58097784f8135003dbbde447, type: 3}
      propertyPath: m_LocalPosition.y
      value: 0
      objectReference: {fileID: 0}
    - target: {fileID: 426522, guid: 1aacbade58097784f8135003dbbde447, type: 3}
      propertyPath: m_LocalPosition.z
      value: 2.348
      objectReference: {fileID: 0}
    - target: {fileID: 426522, guid: 1aacbade58097784f8135003dbbde447, type: 3}
      propertyPath: m_LocalRotation.x
      value: -0
      objectReference: {fileID: 0}
    - target: {fileID: 426522, guid: 1aacbade58097784f8135003dbbde447, type: 3}
      propertyPath: m_LocalRotation.y
      value: 0.3249724
      objectReference: {fileID: 0}
    - target: {fileID: 426522, guid: 1aacbade58097784f8135003dbbde447, type: 3}
      propertyPath: m_LocalRotation.z
      value: -0
      objectReference: {fileID: 0}
    - target: {fileID: 426522, guid: 1aacbade58097784f8135003dbbde447, type: 3}
      propertyPath: m_LocalRotation.w
      value: 0.94572353
      objectReference: {fileID: 0}
    - target: {fileID: 426522, guid: 1aacbade58097784f8135003dbbde447, type: 3}
      propertyPath: m_RootOrder
      value: 4
      objectReference: {fileID: 0}
    - target: {fileID: 426522, guid: 1aacbade58097784f8135003dbbde447, type: 3}
      propertyPath: m_LocalEulerAnglesHint.x
      value: 0
      objectReference: {fileID: 0}
    - target: {fileID: 426522, guid: 1aacbade58097784f8135003dbbde447, type: 3}
      propertyPath: m_LocalEulerAnglesHint.y
      value: 37.928
      objectReference: {fileID: 0}
    - target: {fileID: 426522, guid: 1aacbade58097784f8135003dbbde447, type: 3}
      propertyPath: m_LocalEulerAnglesHint.z
      value: 0
      objectReference: {fileID: 0}
    m_RemovedComponents: []
  m_SourcePrefab: {fileID: 100100000, guid: 1aacbade58097784f8135003dbbde447, type: 3}
--- !u!4 &2449955305225923446 stripped
Transform:
  m_CorrespondingSourceObject: {fileID: 426522, guid: 1aacbade58097784f8135003dbbde447,
    type: 3}
  m_PrefabInstance: {fileID: 2449955305226086764}
  m_PrefabAsset: {fileID: 0}
--- !u!1001 &3112530664472248591
PrefabInstance:
  m_ObjectHideFlags: 0
  serializedVersion: 2
  m_Modification:
    m_TransformParent: {fileID: 7052252037704415573}
    m_Modifications:
    - target: {fileID: 100000, guid: f997c62e06e1fd74da733ab45e6a250f, type: 3}
      propertyPath: m_Name
      value: fi_vil_woven_carpet01c
      objectReference: {fileID: 0}
    - target: {fileID: 400000, guid: f997c62e06e1fd74da733ab45e6a250f, type: 3}
      propertyPath: m_LocalPosition.x
      value: 2.147
      objectReference: {fileID: 0}
    - target: {fileID: 400000, guid: f997c62e06e1fd74da733ab45e6a250f, type: 3}
      propertyPath: m_LocalPosition.y
      value: 0.015
      objectReference: {fileID: 0}
    - target: {fileID: 400000, guid: f997c62e06e1fd74da733ab45e6a250f, type: 3}
      propertyPath: m_LocalPosition.z
      value: 2
      objectReference: {fileID: 0}
    - target: {fileID: 400000, guid: f997c62e06e1fd74da733ab45e6a250f, type: 3}
      propertyPath: m_LocalRotation.x
      value: -0
      objectReference: {fileID: 0}
    - target: {fileID: 400000, guid: f997c62e06e1fd74da733ab45e6a250f, type: 3}
      propertyPath: m_LocalRotation.y
      value: -0.067415245
      objectReference: {fileID: 0}
    - target: {fileID: 400000, guid: f997c62e06e1fd74da733ab45e6a250f, type: 3}
      propertyPath: m_LocalRotation.z
      value: -0
      objectReference: {fileID: 0}
    - target: {fileID: 400000, guid: f997c62e06e1fd74da733ab45e6a250f, type: 3}
      propertyPath: m_LocalRotation.w
      value: 0.997725
      objectReference: {fileID: 0}
    - target: {fileID: 400000, guid: f997c62e06e1fd74da733ab45e6a250f, type: 3}
      propertyPath: m_RootOrder
      value: 12
      objectReference: {fileID: 0}
    - target: {fileID: 400000, guid: f997c62e06e1fd74da733ab45e6a250f, type: 3}
      propertyPath: m_LocalEulerAnglesHint.x
      value: 0
      objectReference: {fileID: 0}
    - target: {fileID: 400000, guid: f997c62e06e1fd74da733ab45e6a250f, type: 3}
      propertyPath: m_LocalEulerAnglesHint.y
      value: -7.7310004
      objectReference: {fileID: 0}
    - target: {fileID: 400000, guid: f997c62e06e1fd74da733ab45e6a250f, type: 3}
      propertyPath: m_LocalEulerAnglesHint.z
      value: 0
      objectReference: {fileID: 0}
    m_RemovedComponents: []
  m_SourcePrefab: {fileID: 100100000, guid: f997c62e06e1fd74da733ab45e6a250f, type: 3}
--- !u!4 &3112530664472648591 stripped
Transform:
  m_CorrespondingSourceObject: {fileID: 400000, guid: f997c62e06e1fd74da733ab45e6a250f,
    type: 3}
  m_PrefabInstance: {fileID: 3112530664472248591}
  m_PrefabAsset: {fileID: 0}
--- !u!1001 &3866222756521630734
PrefabInstance:
  m_ObjectHideFlags: 0
  serializedVersion: 2
  m_Modification:
    m_TransformParent: {fileID: 7052252037704415573}
    m_Modifications:
    - target: {fileID: 132702, guid: 8c8f5be984e1a2f40b94d947eb33c8ce, type: 3}
      propertyPath: m_Name
      value: fe_vil_market_cage07d
      objectReference: {fileID: 0}
    - target: {fileID: 467228, guid: 8c8f5be984e1a2f40b94d947eb33c8ce, type: 3}
      propertyPath: m_LocalPosition.x
      value: 0.701
      objectReference: {fileID: 0}
    - target: {fileID: 467228, guid: 8c8f5be984e1a2f40b94d947eb33c8ce, type: 3}
      propertyPath: m_LocalPosition.y
      value: 0
      objectReference: {fileID: 0}
    - target: {fileID: 467228, guid: 8c8f5be984e1a2f40b94d947eb33c8ce, type: 3}
      propertyPath: m_LocalPosition.z
      value: -0.046
      objectReference: {fileID: 0}
    - target: {fileID: 467228, guid: 8c8f5be984e1a2f40b94d947eb33c8ce, type: 3}
      propertyPath: m_LocalRotation.x
      value: -0
      objectReference: {fileID: 0}
    - target: {fileID: 467228, guid: 8c8f5be984e1a2f40b94d947eb33c8ce, type: 3}
      propertyPath: m_LocalRotation.y
      value: -0
      objectReference: {fileID: 0}
    - target: {fileID: 467228, guid: 8c8f5be984e1a2f40b94d947eb33c8ce, type: 3}
      propertyPath: m_LocalRotation.z
      value: -0
      objectReference: {fileID: 0}
    - target: {fileID: 467228, guid: 8c8f5be984e1a2f40b94d947eb33c8ce, type: 3}
      propertyPath: m_LocalRotation.w
      value: 1
      objectReference: {fileID: 0}
    - target: {fileID: 467228, guid: 8c8f5be984e1a2f40b94d947eb33c8ce, type: 3}
      propertyPath: m_RootOrder
      value: 8
      objectReference: {fileID: 0}
    - target: {fileID: 467228, guid: 8c8f5be984e1a2f40b94d947eb33c8ce, type: 3}
      propertyPath: m_LocalEulerAnglesHint.x
      value: 0
      objectReference: {fileID: 0}
    - target: {fileID: 467228, guid: 8c8f5be984e1a2f40b94d947eb33c8ce, type: 3}
      propertyPath: m_LocalEulerAnglesHint.y
      value: 0
      objectReference: {fileID: 0}
    - target: {fileID: 467228, guid: 8c8f5be984e1a2f40b94d947eb33c8ce, type: 3}
      propertyPath: m_LocalEulerAnglesHint.z
      value: 0
      objectReference: {fileID: 0}
    m_RemovedComponents: []
  m_SourcePrefab: {fileID: 100100000, guid: 8c8f5be984e1a2f40b94d947eb33c8ce, type: 3}
--- !u!4 &3866222756522097938 stripped
Transform:
  m_CorrespondingSourceObject: {fileID: 467228, guid: 8c8f5be984e1a2f40b94d947eb33c8ce,
    type: 3}
  m_PrefabInstance: {fileID: 3866222756521630734}
  m_PrefabAsset: {fileID: 0}
--- !u!1001 &4588231418020692005
PrefabInstance:
  m_ObjectHideFlags: 0
  serializedVersion: 2
  m_Modification:
    m_TransformParent: {fileID: 7052252037704415573}
    m_Modifications:
    - target: {fileID: 120852, guid: b92e054b9b4e7f748b01c910a2ee1bfb, type: 3}
      propertyPath: m_Name
      value: fe_vil_market_cage04d
      objectReference: {fileID: 0}
    - target: {fileID: 477562, guid: b92e054b9b4e7f748b01c910a2ee1bfb, type: 3}
      propertyPath: m_LocalPosition.x
      value: 0.606
      objectReference: {fileID: 0}
    - target: {fileID: 477562, guid: b92e054b9b4e7f748b01c910a2ee1bfb, type: 3}
      propertyPath: m_LocalPosition.y
      value: 0
      objectReference: {fileID: 0}
    - target: {fileID: 477562, guid: b92e054b9b4e7f748b01c910a2ee1bfb, type: 3}
      propertyPath: m_LocalPosition.z
      value: -0.964
      objectReference: {fileID: 0}
    - target: {fileID: 477562, guid: b92e054b9b4e7f748b01c910a2ee1bfb, type: 3}
      propertyPath: m_LocalRotation.x
      value: -0
      objectReference: {fileID: 0}
    - target: {fileID: 477562, guid: b92e054b9b4e7f748b01c910a2ee1bfb, type: 3}
      propertyPath: m_LocalRotation.y
      value: -0
      objectReference: {fileID: 0}
    - target: {fileID: 477562, guid: b92e054b9b4e7f748b01c910a2ee1bfb, type: 3}
      propertyPath: m_LocalRotation.z
      value: -0
      objectReference: {fileID: 0}
    - target: {fileID: 477562, guid: b92e054b9b4e7f748b01c910a2ee1bfb, type: 3}
      propertyPath: m_LocalRotation.w
      value: 1
      objectReference: {fileID: 0}
    - target: {fileID: 477562, guid: b92e054b9b4e7f748b01c910a2ee1bfb, type: 3}
      propertyPath: m_RootOrder
      value: 2
      objectReference: {fileID: 0}
    - target: {fileID: 477562, guid: b92e054b9b4e7f748b01c910a2ee1bfb, type: 3}
      propertyPath: m_LocalEulerAnglesHint.x
      value: 0
      objectReference: {fileID: 0}
    - target: {fileID: 477562, guid: b92e054b9b4e7f748b01c910a2ee1bfb, type: 3}
      propertyPath: m_LocalEulerAnglesHint.y
      value: 0
      objectReference: {fileID: 0}
    - target: {fileID: 477562, guid: b92e054b9b4e7f748b01c910a2ee1bfb, type: 3}
      propertyPath: m_LocalEulerAnglesHint.z
      value: 0
      objectReference: {fileID: 0}
    m_RemovedComponents: []
  m_SourcePrefab: {fileID: 100100000, guid: b92e054b9b4e7f748b01c910a2ee1bfb, type: 3}
--- !u!4 &4588231418021038431 stripped
Transform:
  m_CorrespondingSourceObject: {fileID: 477562, guid: b92e054b9b4e7f748b01c910a2ee1bfb,
    type: 3}
  m_PrefabInstance: {fileID: 4588231418020692005}
  m_PrefabAsset: {fileID: 0}
--- !u!1001 &4624200258665126049
PrefabInstance:
  m_ObjectHideFlags: 0
  serializedVersion: 2
  m_Modification:
    m_TransformParent: {fileID: 7052252037704415573}
    m_Modifications:
    - target: {fileID: 100000, guid: 6bcdcdd1dbbf4ad4aa6bb9c08e5c4118, type: 3}
      propertyPath: m_Name
      value: fi_vil_forge_stool1
      objectReference: {fileID: 0}
    - target: {fileID: 100000, guid: 6bcdcdd1dbbf4ad4aa6bb9c08e5c4118, type: 3}
      propertyPath: m_IsActive
      value: 1
      objectReference: {fileID: 0}
    - target: {fileID: 400000, guid: 6bcdcdd1dbbf4ad4aa6bb9c08e5c4118, type: 3}
      propertyPath: m_LocalPosition.x
      value: 2.144
      objectReference: {fileID: 0}
    - target: {fileID: 400000, guid: 6bcdcdd1dbbf4ad4aa6bb9c08e5c4118, type: 3}
      propertyPath: m_LocalPosition.y
      value: 0
      objectReference: {fileID: 0}
    - target: {fileID: 400000, guid: 6bcdcdd1dbbf4ad4aa6bb9c08e5c4118, type: 3}
      propertyPath: m_LocalPosition.z
      value: 0.827
      objectReference: {fileID: 0}
    - target: {fileID: 400000, guid: 6bcdcdd1dbbf4ad4aa6bb9c08e5c4118, type: 3}
      propertyPath: m_LocalRotation.x
      value: -0
      objectReference: {fileID: 0}
    - target: {fileID: 400000, guid: 6bcdcdd1dbbf4ad4aa6bb9c08e5c4118, type: 3}
      propertyPath: m_LocalRotation.y
      value: -0.39273813
      objectReference: {fileID: 0}
    - target: {fileID: 400000, guid: 6bcdcdd1dbbf4ad4aa6bb9c08e5c4118, type: 3}
      propertyPath: m_LocalRotation.z
      value: -0
      objectReference: {fileID: 0}
    - target: {fileID: 400000, guid: 6bcdcdd1dbbf4ad4aa6bb9c08e5c4118, type: 3}
      propertyPath: m_LocalRotation.w
      value: 0.9196504
      objectReference: {fileID: 0}
    - target: {fileID: 400000, guid: 6bcdcdd1dbbf4ad4aa6bb9c08e5c4118, type: 3}
      propertyPath: m_RootOrder
      value: 14
      objectReference: {fileID: 0}
    - target: {fileID: 400000, guid: 6bcdcdd1dbbf4ad4aa6bb9c08e5c4118, type: 3}
      propertyPath: m_LocalEulerAnglesHint.x
      value: 0
      objectReference: {fileID: 0}
    - target: {fileID: 400000, guid: 6bcdcdd1dbbf4ad4aa6bb9c08e5c4118, type: 3}
      propertyPath: m_LocalEulerAnglesHint.y
      value: -46.250004
      objectReference: {fileID: 0}
    - target: {fileID: 400000, guid: 6bcdcdd1dbbf4ad4aa6bb9c08e5c4118, type: 3}
      propertyPath: m_LocalEulerAnglesHint.z
      value: 0
      objectReference: {fileID: 0}
    m_RemovedComponents: []
  m_SourcePrefab: {fileID: 100100000, guid: 6bcdcdd1dbbf4ad4aa6bb9c08e5c4118, type: 3}
--- !u!4 &4624200258665513505 stripped
Transform:
  m_CorrespondingSourceObject: {fileID: 400000, guid: 6bcdcdd1dbbf4ad4aa6bb9c08e5c4118,
    type: 3}
  m_PrefabInstance: {fileID: 4624200258665126049}
  m_PrefabAsset: {fileID: 0}
--- !u!1001 &4777872923170238156
PrefabInstance:
  m_ObjectHideFlags: 0
  serializedVersion: 2
  m_Modification:
    m_TransformParent: {fileID: 7052252037704415573}
    m_Modifications:
    - target: {fileID: 199252, guid: 653d31dbf4167b742bbd352fa7d56236, type: 3}
      propertyPath: m_Name
      value: fe_vil_market_cage03b
      objectReference: {fileID: 0}
    - target: {fileID: 458770, guid: 653d31dbf4167b742bbd352fa7d56236, type: 3}
      propertyPath: m_LocalPosition.x
      value: 2.863
      objectReference: {fileID: 0}
    - target: {fileID: 458770, guid: 653d31dbf4167b742bbd352fa7d56236, type: 3}
      propertyPath: m_LocalPosition.y
      value: 0
      objectReference: {fileID: 0}
    - target: {fileID: 458770, guid: 653d31dbf4167b742bbd352fa7d56236, type: 3}
      propertyPath: m_LocalPosition.z
      value: 1.587
      objectReference: {fileID: 0}
    - target: {fileID: 458770, guid: 653d31dbf4167b742bbd352fa7d56236, type: 3}
      propertyPath: m_LocalRotation.x
      value: -0
      objectReference: {fileID: 0}
    - target: {fileID: 458770, guid: 653d31dbf4167b742bbd352fa7d56236, type: 3}
      propertyPath: m_LocalRotation.y
      value: 0.65775466
      objectReference: {fileID: 0}
    - target: {fileID: 458770, guid: 653d31dbf4167b742bbd352fa7d56236, type: 3}
      propertyPath: m_LocalRotation.z
      value: -0
      objectReference: {fileID: 0}
    - target: {fileID: 458770, guid: 653d31dbf4167b742bbd352fa7d56236, type: 3}
      propertyPath: m_LocalRotation.w
      value: 0.75323224
      objectReference: {fileID: 0}
    - target: {fileID: 458770, guid: 653d31dbf4167b742bbd352fa7d56236, type: 3}
      propertyPath: m_RootOrder
      value: 5
      objectReference: {fileID: 0}
    - target: {fileID: 458770, guid: 653d31dbf4167b742bbd352fa7d56236, type: 3}
      propertyPath: m_LocalEulerAnglesHint.x
      value: 0
      objectReference: {fileID: 0}
    - target: {fileID: 458770, guid: 653d31dbf4167b742bbd352fa7d56236, type: 3}
      propertyPath: m_LocalEulerAnglesHint.y
      value: 82.258
      objectReference: {fileID: 0}
    - target: {fileID: 458770, guid: 653d31dbf4167b742bbd352fa7d56236, type: 3}
      propertyPath: m_LocalEulerAnglesHint.z
      value: 0
      objectReference: {fileID: 0}
    m_RemovedComponents: []
  m_SourcePrefab: {fileID: 100100000, guid: 653d31dbf4167b742bbd352fa7d56236, type: 3}
--- !u!4 &4777872923170172638 stripped
Transform:
  m_CorrespondingSourceObject: {fileID: 458770, guid: 653d31dbf4167b742bbd352fa7d56236,
    type: 3}
  m_PrefabInstance: {fileID: 4777872923170238156}
  m_PrefabAsset: {fileID: 0}
--- !u!1001 &5408222033688490318
PrefabInstance:
  m_ObjectHideFlags: 0
  serializedVersion: 2
  m_Modification:
    m_TransformParent: {fileID: 7052252037704415573}
    m_Modifications:
    - target: {fileID: 104792, guid: 9432ac4b029f60345842a4d949271748, type: 3}
      propertyPath: m_Name
      value: fe_vil_market_cage06c
      objectReference: {fileID: 0}
    - target: {fileID: 456354, guid: 9432ac4b029f60345842a4d949271748, type: 3}
      propertyPath: m_LocalPosition.x
      value: 1.1734903
      objectReference: {fileID: 0}
    - target: {fileID: 456354, guid: 9432ac4b029f60345842a4d949271748, type: 3}
      propertyPath: m_LocalPosition.y
      value: -0.09500003
      objectReference: {fileID: 0}
    - target: {fileID: 456354, guid: 9432ac4b029f60345842a4d949271748, type: 3}
      propertyPath: m_LocalPosition.z
      value: -2.1780038
      objectReference: {fileID: 0}
    - target: {fileID: 456354, guid: 9432ac4b029f60345842a4d949271748, type: 3}
      propertyPath: m_LocalRotation.x
      value: -0
      objectReference: {fileID: 0}
    - target: {fileID: 456354, guid: 9432ac4b029f60345842a4d949271748, type: 3}
      propertyPath: m_LocalRotation.y
      value: 0.18258594
      objectReference: {fileID: 0}
    - target: {fileID: 456354, guid: 9432ac4b029f60345842a4d949271748, type: 3}
      propertyPath: m_LocalRotation.z
      value: -0
      objectReference: {fileID: 0}
    - target: {fileID: 456354, guid: 9432ac4b029f60345842a4d949271748, type: 3}
      propertyPath: m_LocalRotation.w
      value: 0.98318994
      objectReference: {fileID: 0}
    - target: {fileID: 456354, guid: 9432ac4b029f60345842a4d949271748, type: 3}
      propertyPath: m_RootOrder
      value: 11
      objectReference: {fileID: 0}
    - target: {fileID: 456354, guid: 9432ac4b029f60345842a4d949271748, type: 3}
      propertyPath: m_LocalEulerAnglesHint.x
      value: 0
      objectReference: {fileID: 0}
    - target: {fileID: 456354, guid: 9432ac4b029f60345842a4d949271748, type: 3}
      propertyPath: m_LocalEulerAnglesHint.y
      value: 21.041
      objectReference: {fileID: 0}
    - target: {fileID: 456354, guid: 9432ac4b029f60345842a4d949271748, type: 3}
      propertyPath: m_LocalEulerAnglesHint.z
      value: 0
      objectReference: {fileID: 0}
    m_RemovedComponents: []
  m_SourcePrefab: {fileID: 100100000, guid: 9432ac4b029f60345842a4d949271748, type: 3}
--- !u!4 &5408222033688889324 stripped
Transform:
  m_CorrespondingSourceObject: {fileID: 456354, guid: 9432ac4b029f60345842a4d949271748,
    type: 3}
  m_PrefabInstance: {fileID: 5408222033688490318}
  m_PrefabAsset: {fileID: 0}
--- !u!1001 &6082577080657445444
PrefabInstance:
  m_ObjectHideFlags: 0
  serializedVersion: 2
  m_Modification:
    m_TransformParent: {fileID: 7052252037704415573}
    m_Modifications:
    - target: {fileID: 165214, guid: cd35a1d570dca1b4181a5ab9f9ade596, type: 3}
      propertyPath: m_Name
      value: fe_vil_market_cage02c
      objectReference: {fileID: 0}
    - target: {fileID: 483580, guid: cd35a1d570dca1b4181a5ab9f9ade596, type: 3}
      propertyPath: m_LocalPosition.x
      value: 2.9500089
      objectReference: {fileID: 0}
    - target: {fileID: 483580, guid: cd35a1d570dca1b4181a5ab9f9ade596, type: 3}
      propertyPath: m_LocalPosition.y
      value: 0.296
      objectReference: {fileID: 0}
    - target: {fileID: 483580, guid: cd35a1d570dca1b4181a5ab9f9ade596, type: 3}
      propertyPath: m_LocalPosition.z
      value: -1.425004
      objectReference: {fileID: 0}
    - target: {fileID: 483580, guid: cd35a1d570dca1b4181a5ab9f9ade596, type: 3}
      propertyPath: m_LocalRotation.x
      value: -0
      objectReference: {fileID: 0}
    - target: {fileID: 483580, guid: cd35a1d570dca1b4181a5ab9f9ade596, type: 3}
      propertyPath: m_LocalRotation.y
      value: 0.6397992
      objectReference: {fileID: 0}
    - target: {fileID: 483580, guid: cd35a1d570dca1b4181a5ab9f9ade596, type: 3}
      propertyPath: m_LocalRotation.z
      value: -0
      objectReference: {fileID: 0}
    - target: {fileID: 483580, guid: cd35a1d570dca1b4181a5ab9f9ade596, type: 3}
      propertyPath: m_LocalRotation.w
      value: 0.7685422
      objectReference: {fileID: 0}
    - target: {fileID: 483580, guid: cd35a1d570dca1b4181a5ab9f9ade596, type: 3}
      propertyPath: m_RootOrder
      value: 9
      objectReference: {fileID: 0}
    - target: {fileID: 483580, guid: cd35a1d570dca1b4181a5ab9f9ade596, type: 3}
      propertyPath: m_LocalEulerAnglesHint.x
      value: 0
      objectReference: {fileID: 0}
    - target: {fileID: 483580, guid: cd35a1d570dca1b4181a5ab9f9ade596, type: 3}
      propertyPath: m_LocalEulerAnglesHint.y
      value: 79.554
      objectReference: {fileID: 0}
    - target: {fileID: 483580, guid: cd35a1d570dca1b4181a5ab9f9ade596, type: 3}
      propertyPath: m_LocalEulerAnglesHint.z
      value: 0
      objectReference: {fileID: 0}
    m_RemovedComponents: []
  m_SourcePrefab: {fileID: 100100000, guid: cd35a1d570dca1b4181a5ab9f9ade596, type: 3}
--- !u!4 &6082577080657273528 stripped
Transform:
  m_CorrespondingSourceObject: {fileID: 483580, guid: cd35a1d570dca1b4181a5ab9f9ade596,
    type: 3}
  m_PrefabInstance: {fileID: 6082577080657445444}
  m_PrefabAsset: {fileID: 0}
--- !u!1001 &6509094634365395990
PrefabInstance:
  m_ObjectHideFlags: 0
  serializedVersion: 2
  m_Modification:
    m_TransformParent: {fileID: 7052252037704415573}
    m_Modifications:
    - target: {fileID: 140458, guid: 21fd022cb06ec4a47bc2c027b32e2c50, type: 3}
      propertyPath: m_Name
      value: fe_vil_market_cage01c
      objectReference: {fileID: 0}
    - target: {fileID: 403936, guid: 21fd022cb06ec4a47bc2c027b32e2c50, type: 3}
      propertyPath: m_LocalPosition.x
      value: 2.961
      objectReference: {fileID: 0}
    - target: {fileID: 403936, guid: 21fd022cb06ec4a47bc2c027b32e2c50, type: 3}
      propertyPath: m_LocalPosition.y
      value: 0.49800003
      objectReference: {fileID: 0}
    - target: {fileID: 403936, guid: 21fd022cb06ec4a47bc2c027b32e2c50, type: 3}
      propertyPath: m_LocalPosition.z
      value: 1.523
      objectReference: {fileID: 0}
    - target: {fileID: 403936, guid: 21fd022cb06ec4a47bc2c027b32e2c50, type: 3}
      propertyPath: m_LocalRotation.x
      value: -0
      objectReference: {fileID: 0}
    - target: {fileID: 403936, guid: 21fd022cb06ec4a47bc2c027b32e2c50, type: 3}
      propertyPath: m_LocalRotation.y
      value: -0.19170618
      objectReference: {fileID: 0}
    - target: {fileID: 403936, guid: 21fd022cb06ec4a47bc2c027b32e2c50, type: 3}
      propertyPath: m_LocalRotation.z
      value: -0
      objectReference: {fileID: 0}
    - target: {fileID: 403936, guid: 21fd022cb06ec4a47bc2c027b32e2c50, type: 3}
      propertyPath: m_LocalRotation.w
      value: 0.98145235
      objectReference: {fileID: 0}
    - target: {fileID: 403936, guid: 21fd022cb06ec4a47bc2c027b32e2c50, type: 3}
      propertyPath: m_RootOrder
      value: 10
      objectReference: {fileID: 0}
    - target: {fileID: 403936, guid: 21fd022cb06ec4a47bc2c027b32e2c50, type: 3}
      propertyPath: m_LocalEulerAnglesHint.x
      value: 0
      objectReference: {fileID: 0}
    - target: {fileID: 403936, guid: 21fd022cb06ec4a47bc2c027b32e2c50, type: 3}
      propertyPath: m_LocalEulerAnglesHint.y
      value: -22.105001
      objectReference: {fileID: 0}
    - target: {fileID: 403936, guid: 21fd022cb06ec4a47bc2c027b32e2c50, type: 3}
      propertyPath: m_LocalEulerAnglesHint.z
      value: 0
      objectReference: {fileID: 0}
    m_RemovedComponents: []
  m_SourcePrefab: {fileID: 100100000, guid: 21fd022cb06ec4a47bc2c027b32e2c50, type: 3}
--- !u!4 &6509094634365783542 stripped
Transform:
  m_CorrespondingSourceObject: {fileID: 403936, guid: 21fd022cb06ec4a47bc2c027b32e2c50,
    type: 3}
  m_PrefabInstance: {fileID: 6509094634365395990}
  m_PrefabAsset: {fileID: 0}
--- !u!1001 &6551404436489760715
PrefabInstance:
  m_ObjectHideFlags: 0
  serializedVersion: 2
  m_Modification:
    m_TransformParent: {fileID: 7052252037704415573}
    m_Modifications:
    - target: {fileID: 100000, guid: aedf8070655c8cf408c6b06bc2484c8f, type: 3}
      propertyPath: m_Name
      value: fi_vil_woven_carpet03c
      objectReference: {fileID: 0}
    - target: {fileID: 400000, guid: aedf8070655c8cf408c6b06bc2484c8f, type: 3}
      propertyPath: m_LocalPosition.x
      value: 1.803
      objectReference: {fileID: 0}
    - target: {fileID: 400000, guid: aedf8070655c8cf408c6b06bc2484c8f, type: 3}
      propertyPath: m_LocalPosition.y
      value: 0.01
      objectReference: {fileID: 0}
    - target: {fileID: 400000, guid: aedf8070655c8cf408c6b06bc2484c8f, type: 3}
      propertyPath: m_LocalPosition.z
      value: -1.424
      objectReference: {fileID: 0}
    - target: {fileID: 400000, guid: aedf8070655c8cf408c6b06bc2484c8f, type: 3}
      propertyPath: m_LocalRotation.x
      value: -0
      objectReference: {fileID: 0}
    - target: {fileID: 400000, guid: aedf8070655c8cf408c6b06bc2484c8f, type: 3}
      propertyPath: m_LocalRotation.y
      value: 0.054080307
      objectReference: {fileID: 0}
    - target: {fileID: 400000, guid: aedf8070655c8cf408c6b06bc2484c8f, type: 3}
      propertyPath: m_LocalRotation.z
      value: -0
      objectReference: {fileID: 0}
    - target: {fileID: 400000, guid: aedf8070655c8cf408c6b06bc2484c8f, type: 3}
      propertyPath: m_LocalRotation.w
      value: 0.9985366
      objectReference: {fileID: 0}
    - target: {fileID: 400000, guid: aedf8070655c8cf408c6b06bc2484c8f, type: 3}
      propertyPath: m_RootOrder
      value: 13
      objectReference: {fileID: 0}
    - target: {fileID: 400000, guid: aedf8070655c8cf408c6b06bc2484c8f, type: 3}
      propertyPath: m_LocalEulerAnglesHint.x
      value: 0
      objectReference: {fileID: 0}
    - target: {fileID: 400000, guid: aedf8070655c8cf408c6b06bc2484c8f, type: 3}
      propertyPath: m_LocalEulerAnglesHint.y
      value: 6.2000003
      objectReference: {fileID: 0}
    - target: {fileID: 400000, guid: aedf8070655c8cf408c6b06bc2484c8f, type: 3}
      propertyPath: m_LocalEulerAnglesHint.z
      value: 0
      objectReference: {fileID: 0}
    m_RemovedComponents: []
  m_SourcePrefab: {fileID: 100100000, guid: aedf8070655c8cf408c6b06bc2484c8f, type: 3}
--- !u!4 &6551404436489893195 stripped
Transform:
  m_CorrespondingSourceObject: {fileID: 400000, guid: aedf8070655c8cf408c6b06bc2484c8f,
    type: 3}
  m_PrefabInstance: {fileID: 6551404436489760715}
  m_PrefabAsset: {fileID: 0}
--- !u!1001 &6721952591817749044
PrefabInstance:
  m_ObjectHideFlags: 0
  serializedVersion: 2
  m_Modification:
    m_TransformParent: {fileID: 7052252037704415573}
    m_Modifications:
    - target: {fileID: 100000, guid: 6bcdcdd1dbbf4ad4aa6bb9c08e5c4118, type: 3}
      propertyPath: m_Name
      value: fi_vil_forge_stool1
      objectReference: {fileID: 0}
    - target: {fileID: 100000, guid: 6bcdcdd1dbbf4ad4aa6bb9c08e5c4118, type: 3}
      propertyPath: m_IsActive
      value: 1
      objectReference: {fileID: 0}
    - target: {fileID: 400000, guid: 6bcdcdd1dbbf4ad4aa6bb9c08e5c4118, type: 3}
      propertyPath: m_LocalPosition.x
      value: 3.1188302
      objectReference: {fileID: 0}
    - target: {fileID: 400000, guid: 6bcdcdd1dbbf4ad4aa6bb9c08e5c4118, type: 3}
      propertyPath: m_LocalPosition.y
      value: 0
      objectReference: {fileID: 0}
    - target: {fileID: 400000, guid: 6bcdcdd1dbbf4ad4aa6bb9c08e5c4118, type: 3}
      propertyPath: m_LocalPosition.z
      value: -0.53612477
      objectReference: {fileID: 0}
    - target: {fileID: 400000, guid: 6bcdcdd1dbbf4ad4aa6bb9c08e5c4118, type: 3}
      propertyPath: m_LocalRotation.x
      value: -0
      objectReference: {fileID: 0}
    - target: {fileID: 400000, guid: 6bcdcdd1dbbf4ad4aa6bb9c08e5c4118, type: 3}
      propertyPath: m_LocalRotation.y
      value: -0.866003
      objectReference: {fileID: 0}
    - target: {fileID: 400000, guid: 6bcdcdd1dbbf4ad4aa6bb9c08e5c4118, type: 3}
      propertyPath: m_LocalRotation.z
      value: -0
      objectReference: {fileID: 0}
    - target: {fileID: 400000, guid: 6bcdcdd1dbbf4ad4aa6bb9c08e5c4118, type: 3}
      propertyPath: m_LocalRotation.w
      value: 0.50003886
      objectReference: {fileID: 0}
    - target: {fileID: 400000, guid: 6bcdcdd1dbbf4ad4aa6bb9c08e5c4118, type: 3}
      propertyPath: m_RootOrder
      value: 15
      objectReference: {fileID: 0}
    - target: {fileID: 400000, guid: 6bcdcdd1dbbf4ad4aa6bb9c08e5c4118, type: 3}
      propertyPath: m_LocalEulerAnglesHint.x
      value: 0
      objectReference: {fileID: 0}
    - target: {fileID: 400000, guid: 6bcdcdd1dbbf4ad4aa6bb9c08e5c4118, type: 3}
      propertyPath: m_LocalEulerAnglesHint.y
      value: -119.995
      objectReference: {fileID: 0}
    - target: {fileID: 400000, guid: 6bcdcdd1dbbf4ad4aa6bb9c08e5c4118, type: 3}
      propertyPath: m_LocalEulerAnglesHint.z
      value: 0
      objectReference: {fileID: 0}
    m_RemovedComponents: []
  m_SourcePrefab: {fileID: 100100000, guid: 6bcdcdd1dbbf4ad4aa6bb9c08e5c4118, type: 3}
--- !u!4 &6721952591818139828 stripped
Transform:
  m_CorrespondingSourceObject: {fileID: 400000, guid: 6bcdcdd1dbbf4ad4aa6bb9c08e5c4118,
    type: 3}
  m_PrefabInstance: {fileID: 6721952591817749044}
  m_PrefabAsset: {fileID: 0}
--- !u!1001 &6755647991055621428
PrefabInstance:
  m_ObjectHideFlags: 0
  serializedVersion: 2
  m_Modification:
    m_TransformParent: {fileID: 7052252039033032122}
    m_Modifications:
    - target: {fileID: 105744, guid: 52620091ac9ef3d49bccf2f204cb5271, type: 3}
      propertyPath: m_Name
      value: fe_vil_Stall14b_red
      objectReference: {fileID: 0}
    - target: {fileID: 476102, guid: 52620091ac9ef3d49bccf2f204cb5271, type: 3}
      propertyPath: m_LocalPosition.x
      value: 0.2
      objectReference: {fileID: 0}
    - target: {fileID: 476102, guid: 52620091ac9ef3d49bccf2f204cb5271, type: 3}
      propertyPath: m_LocalPosition.y
      value: 0
      objectReference: {fileID: 0}
    - target: {fileID: 476102, guid: 52620091ac9ef3d49bccf2f204cb5271, type: 3}
      propertyPath: m_LocalPosition.z
      value: 0
      objectReference: {fileID: 0}
    - target: {fileID: 476102, guid: 52620091ac9ef3d49bccf2f204cb5271, type: 3}
      propertyPath: m_LocalRotation.x
      value: -0
      objectReference: {fileID: 0}
    - target: {fileID: 476102, guid: 52620091ac9ef3d49bccf2f204cb5271, type: 3}
      propertyPath: m_LocalRotation.y
      value: -0
      objectReference: {fileID: 0}
    - target: {fileID: 476102, guid: 52620091ac9ef3d49bccf2f204cb5271, type: 3}
      propertyPath: m_LocalRotation.z
      value: -0
      objectReference: {fileID: 0}
    - target: {fileID: 476102, guid: 52620091ac9ef3d49bccf2f204cb5271, type: 3}
      propertyPath: m_LocalRotation.w
      value: 1
      objectReference: {fileID: 0}
    - target: {fileID: 476102, guid: 52620091ac9ef3d49bccf2f204cb5271, type: 3}
      propertyPath: m_RootOrder
      value: 0
      objectReference: {fileID: 0}
    - target: {fileID: 476102, guid: 52620091ac9ef3d49bccf2f204cb5271, type: 3}
      propertyPath: m_LocalEulerAnglesHint.x
      value: 0
      objectReference: {fileID: 0}
    - target: {fileID: 476102, guid: 52620091ac9ef3d49bccf2f204cb5271, type: 3}
      propertyPath: m_LocalEulerAnglesHint.y
      value: 0
      objectReference: {fileID: 0}
    - target: {fileID: 476102, guid: 52620091ac9ef3d49bccf2f204cb5271, type: 3}
      propertyPath: m_LocalEulerAnglesHint.z
      value: 0
      objectReference: {fileID: 0}
    m_RemovedComponents: []
  m_SourcePrefab: {fileID: 100100000, guid: 52620091ac9ef3d49bccf2f204cb5271, type: 3}
--- !u!4 &6755647991055703794 stripped
Transform:
  m_CorrespondingSourceObject: {fileID: 476102, guid: 52620091ac9ef3d49bccf2f204cb5271,
    type: 3}
  m_PrefabInstance: {fileID: 6755647991055621428}
  m_PrefabAsset: {fileID: 0}
--- !u!1001 &7552867976855733237
PrefabInstance:
  m_ObjectHideFlags: 0
  serializedVersion: 2
  m_Modification:
    m_TransformParent: {fileID: 7052252037704415573}
    m_Modifications:
    - target: {fileID: 115696, guid: 95ab15c7356f76b46b0354a2e0dc23e8, type: 3}
      propertyPath: m_Name
      value: fe_vil_market_cage02d
      objectReference: {fileID: 0}
    - target: {fileID: 457738, guid: 95ab15c7356f76b46b0354a2e0dc23e8, type: 3}
      propertyPath: m_LocalPosition.x
      value: 3.09
      objectReference: {fileID: 0}
    - target: {fileID: 457738, guid: 95ab15c7356f76b46b0354a2e0dc23e8, type: 3}
      propertyPath: m_LocalPosition.y
      value: 0
      objectReference: {fileID: 0}
    - target: {fileID: 457738, guid: 95ab15c7356f76b46b0354a2e0dc23e8, type: 3}
      propertyPath: m_LocalPosition.z
      value: 2.368
      objectReference: {fileID: 0}
    - target: {fileID: 457738, guid: 95ab15c7356f76b46b0354a2e0dc23e8, type: 3}
      propertyPath: m_LocalRotation.x
      value: -0
      objectReference: {fileID: 0}
    - target: {fileID: 457738, guid: 95ab15c7356f76b46b0354a2e0dc23e8, type: 3}
      propertyPath: m_LocalRotation.y
      value: -0
      objectReference: {fileID: 0}
    - target: {fileID: 457738, guid: 95ab15c7356f76b46b0354a2e0dc23e8, type: 3}
      propertyPath: m_LocalRotation.z
      value: -0
      objectReference: {fileID: 0}
    - target: {fileID: 457738, guid: 95ab15c7356f76b46b0354a2e0dc23e8, type: 3}
      propertyPath: m_LocalRotation.w
      value: 1
      objectReference: {fileID: 0}
    - target: {fileID: 457738, guid: 95ab15c7356f76b46b0354a2e0dc23e8, type: 3}
      propertyPath: m_RootOrder
      value: 3
      objectReference: {fileID: 0}
    - target: {fileID: 457738, guid: 95ab15c7356f76b46b0354a2e0dc23e8, type: 3}
      propertyPath: m_LocalEulerAnglesHint.x
      value: 0
      objectReference: {fileID: 0}
    - target: {fileID: 457738, guid: 95ab15c7356f76b46b0354a2e0dc23e8, type: 3}
      propertyPath: m_LocalEulerAnglesHint.y
      value: 0
      objectReference: {fileID: 0}
    - target: {fileID: 457738, guid: 95ab15c7356f76b46b0354a2e0dc23e8, type: 3}
      propertyPath: m_LocalEulerAnglesHint.z
      value: 0
      objectReference: {fileID: 0}
    m_RemovedComponents: []
  m_SourcePrefab: {fileID: 100100000, guid: 95ab15c7356f76b46b0354a2e0dc23e8, type: 3}
--- !u!4 &7552867976856092671 stripped
Transform:
  m_CorrespondingSourceObject: {fileID: 457738, guid: 95ab15c7356f76b46b0354a2e0dc23e8,
    type: 3}
  m_PrefabInstance: {fileID: 7552867976855733237}
  m_PrefabAsset: {fileID: 0}
