%YAML 1.1
%TAG !u! tag:unity3d.com,2011:
--- !u!1 &3851863915302689691
GameObject:
  m_ObjectHideFlags: 0
  m_CorrespondingSourceObject: {fileID: 0}
  m_PrefabInstance: {fileID: 0}
  m_PrefabAsset: {fileID: 0}
  serializedVersion: 6
  m_Component:
  - component: {fileID: 3851863915302689690}
  m_Layer: 0
  m_Name: POI_PostBox02C
  m_TagString: Untagged
  m_Icon: {fileID: 0}
  m_NavMeshLayer: 0
  m_StaticEditorFlags: 0
  m_IsActive: 1
--- !u!4 &3851863915302689690
Transform:
  m_ObjectHideFlags: 0
  m_CorrespondingSourceObject: {fileID: 0}
  m_PrefabInstance: {fileID: 0}
  m_PrefabAsset: {fileID: 0}
  m_GameObject: {fileID: 3851863915302689691}
  m_LocalRotation: {x: 0, y: 0, z: 0, w: 1}
  m_LocalPosition: {x: 0, y: 0, z: 0}
  m_LocalScale: {x: 1, y: 1, z: 1}
  m_Children:
  - {fileID: 288736255521484592}
  - {fileID: 7820310460691702983}
  - {fileID: 8758771794522394157}
  - {fileID: 6914832927071258137}
  m_Father: {fileID: 0}
  m_RootOrder: 0
  m_LocalEulerAnglesHint: {x: 0, y: 0, z: 0}
--- !u!1001 &3851863915624727134
PrefabInstance:
  m_ObjectHideFlags: 0
  serializedVersion: 2
  m_Modification:
    m_TransformParent: {fileID: 3851863915302689690}
    m_Modifications:
    - target: {fileID: 3563857804543455566, guid: 9e29453cf2d6b5b4f96628d3699872fa,
        type: 3}
      propertyPath: m_Name
      value: fe_vil_mm_PostBox02
      objectReference: {fileID: 0}
    - target: {fileID: 3563857804543880558, guid: 9e29453cf2d6b5b4f96628d3699872fa,
        type: 3}
      propertyPath: m_LocalPosition.x
      value: 0
      objectReference: {fileID: 0}
    - target: {fileID: 3563857804543880558, guid: 9e29453cf2d6b5b4f96628d3699872fa,
        type: 3}
      propertyPath: m_LocalPosition.y
      value: 0
      objectReference: {fileID: 0}
    - target: {fileID: 3563857804543880558, guid: 9e29453cf2d6b5b4f96628d3699872fa,
        type: 3}
      propertyPath: m_LocalPosition.z
      value: 0
      objectReference: {fileID: 0}
    - target: {fileID: 3563857804543880558, guid: 9e29453cf2d6b5b4f96628d3699872fa,
        type: 3}
      propertyPath: m_LocalRotation.x
      value: -0
      objectReference: {fileID: 0}
    - target: {fileID: 3563857804543880558, guid: 9e29453cf2d6b5b4f96628d3699872fa,
        type: 3}
      propertyPath: m_LocalRotation.y
      value: -0
      objectReference: {fileID: 0}
    - target: {fileID: 3563857804543880558, guid: 9e29453cf2d6b5b4f96628d3699872fa,
        type: 3}
      propertyPath: m_LocalRotation.z
      value: -0
      objectReference: {fileID: 0}
    - target: {fileID: 3563857804543880558, guid: 9e29453cf2d6b5b4f96628d3699872fa,
        type: 3}
      propertyPath: m_LocalRotation.w
      value: 1
      objectReference: {fileID: 0}
    - target: {fileID: 3563857804543880558, guid: 9e29453cf2d6b5b4f96628d3699872fa,
        type: 3}
      propertyPath: m_RootOrder
      value: 0
      objectReference: {fileID: 0}
    - target: {fileID: 3563857804543880558, guid: 9e29453cf2d6b5b4f96628d3699872fa,
        type: 3}
      propertyPath: m_LocalEulerAnglesHint.x
      value: 0
      objectReference: {fileID: 0}
    - target: {fileID: 3563857804543880558, guid: 9e29453cf2d6b5b4f96628d3699872fa,
        type: 3}
      propertyPath: m_LocalEulerAnglesHint.y
      value: 0
      objectReference: {fileID: 0}
    - target: {fileID: 3563857804543880558, guid: 9e29453cf2d6b5b4f96628d3699872fa,
        type: 3}
      propertyPath: m_LocalEulerAnglesHint.z
      value: 0
      objectReference: {fileID: 0}
    m_RemovedComponents: []
  m_SourcePrefab: {fileID: 100100000, guid: 9e29453cf2d6b5b4f96628d3699872fa, type: 3}
--- !u!4 &288736255521484592 stripped
Transform:
  m_CorrespondingSourceObject: {fileID: 3563857804543880558, guid: 9e29453cf2d6b5b4f96628d3699872fa,
    type: 3}
  m_PrefabInstance: {fileID: 3851863915624727134}
  m_PrefabAsset: {fileID: 0}
--- !u!1001 &6914832927071657113
PrefabInstance:
  m_ObjectHideFlags: 0
  serializedVersion: 2
  m_Modification:
    m_TransformParent: {fileID: 3851863915302689690}
    m_Modifications:
    - target: {fileID: 100000, guid: 60ef6eb4b88ce2c41b88b7b31cb351e9, type: 3}
      propertyPath: m_Name
      value: fi_vil_container_sack02x2
      objectReference: {fileID: 0}
    - target: {fileID: 400000, guid: 60ef6eb4b88ce2c41b88b7b31cb351e9, type: 3}
      propertyPath: m_LocalPosition.x
      value: 0.24900001
      objectReference: {fileID: 0}
    - target: {fileID: 400000, guid: 60ef6eb4b88ce2c41b88b7b31cb351e9, type: 3}
      propertyPath: m_LocalPosition.y
      value: 0.099999994
      objectReference: {fileID: 0}
    - target: {fileID: 400000, guid: 60ef6eb4b88ce2c41b88b7b31cb351e9, type: 3}
      propertyPath: m_LocalPosition.z
      value: -0.507
      objectReference: {fileID: 0}
    - target: {fileID: 400000, guid: 60ef6eb4b88ce2c41b88b7b31cb351e9, type: 3}
      propertyPath: m_LocalRotation.x
      value: -0
      objectReference: {fileID: 0}
    - target: {fileID: 400000, guid: 60ef6eb4b88ce2c41b88b7b31cb351e9, type: 3}
      propertyPath: m_LocalRotation.y
      value: 0.9825211
      objectReference: {fileID: 0}
    - target: {fileID: 400000, guid: 60ef6eb4b88ce2c41b88b7b31cb351e9, type: 3}
      propertyPath: m_LocalRotation.z
      value: -0
      objectReference: {fileID: 0}
    - target: {fileID: 400000, guid: 60ef6eb4b88ce2c41b88b7b31cb351e9, type: 3}
      propertyPath: m_LocalRotation.w
      value: 0.18615133
      objectReference: {fileID: 0}
    - target: {fileID: 400000, guid: 60ef6eb4b88ce2c41b88b7b31cb351e9, type: 3}
      propertyPath: m_RootOrder
      value: 3
      objectReference: {fileID: 0}
    - target: {fileID: 400000, guid: 60ef6eb4b88ce2c41b88b7b31cb351e9, type: 3}
      propertyPath: m_LocalEulerAnglesHint.x
      value: 0
      objectReference: {fileID: 0}
    - target: {fileID: 400000, guid: 60ef6eb4b88ce2c41b88b7b31cb351e9, type: 3}
      propertyPath: m_LocalEulerAnglesHint.y
      value: 158.54301
      objectReference: {fileID: 0}
    - target: {fileID: 400000, guid: 60ef6eb4b88ce2c41b88b7b31cb351e9, type: 3}
      propertyPath: m_LocalEulerAnglesHint.z
      value: 0
      objectReference: {fileID: 0}
    - target: {fileID: 400000, guid: 60ef6eb4b88ce2c41b88b7b31cb351e9, type: 3}
      propertyPath: m_LocalScale.x
      value: 1
      objectReference: {fileID: 0}
    - target: {fileID: 400000, guid: 60ef6eb4b88ce2c41b88b7b31cb351e9, type: 3}
      propertyPath: m_LocalScale.z
      value: 1
      objectReference: {fileID: 0}
    m_RemovedComponents: []
  m_SourcePrefab: {fileID: 100100000, guid: 60ef6eb4b88ce2c41b88b7b31cb351e9, type: 3}
--- !u!4 &6914832927071258137 stripped
Transform:
  m_CorrespondingSourceObject: {fileID: 400000, guid: 60ef6eb4b88ce2c41b88b7b31cb351e9,
    type: 3}
  m_PrefabInstance: {fileID: 6914832927071657113}
  m_PrefabAsset: {fileID: 0}
--- !u!1001 &7820310460691562999
PrefabInstance:
  m_ObjectHideFlags: 0
  serializedVersion: 2
  m_Modification:
    m_TransformParent: {fileID: 3851863915302689690}
    m_Modifications:
    - target: {fileID: 186242, guid: b7bc651c12d92e046be34a031b0afb63, type: 3}
      propertyPath: m_Name
      value: fe_vil_barrel_S1d
      objectReference: {fileID: 0}
    - target: {fileID: 402736, guid: b7bc651c12d92e046be34a031b0afb63, type: 3}
      propertyPath: m_LocalPosition.x
      value: 0.21600002
      objectReference: {fileID: 0}
    - target: {fileID: 402736, guid: b7bc651c12d92e046be34a031b0afb63, type: 3}
      propertyPath: m_LocalPosition.y
      value: 0
      objectReference: {fileID: 0}
    - target: {fileID: 402736, guid: b7bc651c12d92e046be34a031b0afb63, type: 3}
      propertyPath: m_LocalPosition.z
      value: 0.442
      objectReference: {fileID: 0}
    - target: {fileID: 402736, guid: b7bc651c12d92e046be34a031b0afb63, type: 3}
      propertyPath: m_LocalRotation.x
      value: -0
      objectReference: {fileID: 0}
    - target: {fileID: 402736, guid: b7bc651c12d92e046be34a031b0afb63, type: 3}
      propertyPath: m_LocalRotation.y
      value: -0
      objectReference: {fileID: 0}
    - target: {fileID: 402736, guid: b7bc651c12d92e046be34a031b0afb63, type: 3}
      propertyPath: m_LocalRotation.z
      value: -0
      objectReference: {fileID: 0}
    - target: {fileID: 402736, guid: b7bc651c12d92e046be34a031b0afb63, type: 3}
      propertyPath: m_LocalRotation.w
      value: 1
      objectReference: {fileID: 0}
    - target: {fileID: 402736, guid: b7bc651c12d92e046be34a031b0afb63, type: 3}
      propertyPath: m_RootOrder
      value: 1
      objectReference: {fileID: 0}
    - target: {fileID: 402736, guid: b7bc651c12d92e046be34a031b0afb63, type: 3}
      propertyPath: m_LocalEulerAnglesHint.x
      value: 0
      objectReference: {fileID: 0}
    - target: {fileID: 402736, guid: b7bc651c12d92e046be34a031b0afb63, type: 3}
      propertyPath: m_LocalEulerAnglesHint.y
      value: 0
      objectReference: {fileID: 0}
    - target: {fileID: 402736, guid: b7bc651c12d92e046be34a031b0afb63, type: 3}
      propertyPath: m_LocalEulerAnglesHint.z
      value: 0
      objectReference: {fileID: 0}
    m_RemovedComponents: []
  m_SourcePrefab: {fileID: 100100000, guid: b7bc651c12d92e046be34a031b0afb63, type: 3}
--- !u!4 &7820310460691702983 stripped
Transform:
  m_CorrespondingSourceObject: {fileID: 402736, guid: b7bc651c12d92e046be34a031b0afb63,
    type: 3}
  m_PrefabInstance: {fileID: 7820310460691562999}
  m_PrefabAsset: {fileID: 0}
--- !u!1001 &8758771794521901059
PrefabInstance:
  m_ObjectHideFlags: 0
  serializedVersion: 2
  m_Modification:
    m_TransformParent: {fileID: 3851863915302689690}
    m_Modifications:
    - target: {fileID: 194800, guid: 60fd5cb2dbf57de40a6e79ddbba67642, type: 3}
      propertyPath: m_Name
      value: fe_vil_crate_pallet_small
      objectReference: {fileID: 0}
    - target: {fileID: 493102, guid: 60fd5cb2dbf57de40a6e79ddbba67642, type: 3}
      propertyPath: m_LocalPosition.x
      value: 0.19699997
      objectReference: {fileID: 0}
    - target: {fileID: 493102, guid: 60fd5cb2dbf57de40a6e79ddbba67642, type: 3}
      propertyPath: m_LocalPosition.y
      value: 0
      objectReference: {fileID: 0}
    - target: {fileID: 493102, guid: 60fd5cb2dbf57de40a6e79ddbba67642, type: 3}
      propertyPath: m_LocalPosition.z
      value: -0.58
      objectReference: {fileID: 0}
    - target: {fileID: 493102, guid: 60fd5cb2dbf57de40a6e79ddbba67642, type: 3}
      propertyPath: m_LocalRotation.x
      value: -0
      objectReference: {fileID: 0}
    - target: {fileID: 493102, guid: 60fd5cb2dbf57de40a6e79ddbba67642, type: 3}
      propertyPath: m_LocalRotation.y
      value: -0.26483503
      objectReference: {fileID: 0}
    - target: {fileID: 493102, guid: 60fd5cb2dbf57de40a6e79ddbba67642, type: 3}
      propertyPath: m_LocalRotation.z
      value: -0
      objectReference: {fileID: 0}
    - target: {fileID: 493102, guid: 60fd5cb2dbf57de40a6e79ddbba67642, type: 3}
      propertyPath: m_LocalRotation.w
      value: 0.9642938
      objectReference: {fileID: 0}
    - target: {fileID: 493102, guid: 60fd5cb2dbf57de40a6e79ddbba67642, type: 3}
      propertyPath: m_RootOrder
      value: 2
      objectReference: {fileID: 0}
    - target: {fileID: 493102, guid: 60fd5cb2dbf57de40a6e79ddbba67642, type: 3}
      propertyPath: m_LocalEulerAnglesHint.x
      value: 0
      objectReference: {fileID: 0}
    - target: {fileID: 493102, guid: 60fd5cb2dbf57de40a6e79ddbba67642, type: 3}
      propertyPath: m_LocalEulerAnglesHint.y
      value: -30.714
      objectReference: {fileID: 0}
    - target: {fileID: 493102, guid: 60fd5cb2dbf57de40a6e79ddbba67642, type: 3}
      propertyPath: m_LocalEulerAnglesHint.z
      value: 0
      objectReference: {fileID: 0}
    m_RemovedComponents: []
  m_SourcePrefab: {fileID: 100100000, guid: 60fd5cb2dbf57de40a6e79ddbba67642, type: 3}
--- !u!4 &8758771794522394157 stripped
Transform:
  m_CorrespondingSourceObject: {fileID: 493102, guid: 60fd5cb2dbf57de40a6e79ddbba67642,
    type: 3}
  m_PrefabInstance: {fileID: 8758771794521901059}
  m_PrefabAsset: {fileID: 0}
