%YAML 1.1
%TAG !u! tag:unity3d.com,2011:
--- !u!1 &6392567473165223223
GameObject:
  m_ObjectHideFlags: 0
  m_CorrespondingSourceObject: {fileID: 0}
  m_PrefabInstance: {fileID: 0}
  m_PrefabAsset: {fileID: 0}
  serializedVersion: 6
  m_Component:
  - component: {fileID: 6392567473165223208}
  m_Layer: 0
  m_Name: POI_PostBox02E
  m_TagString: Untagged
  m_Icon: {fileID: 0}
  m_NavMeshLayer: 0
  m_StaticEditorFlags: 0
  m_IsActive: 1
--- !u!4 &6392567473165223208
Transform:
  m_ObjectHideFlags: 0
  m_CorrespondingSourceObject: {fileID: 0}
  m_PrefabInstance: {fileID: 0}
  m_PrefabAsset: {fileID: 0}
  m_GameObject: {fileID: 6392567473165223223}
  m_LocalRotation: {x: 0, y: 0, z: 0, w: 1}
  m_LocalPosition: {x: 0, y: 0, z: 0}
  m_LocalScale: {x: 1, y: 1, z: 1}
  m_Children:
  - {fileID: 7621124066783061966}
  - {fileID: 879805281969219536}
  - {fileID: 7979338355158068766}
  - {fileID: 602171566403709415}
  m_Father: {fileID: 0}
  m_RootOrder: 0
  m_LocalEulerAnglesHint: {x: 0, y: 0, z: 0}
--- !u!1001 &602171566403614279
PrefabInstance:
  m_ObjectHideFlags: 0
  serializedVersion: 2
  m_Modification:
    m_TransformParent: {fileID: 6392567473165223208}
    m_Modifications:
    - target: {fileID: 114726, guid: 7a39cf4cc605b5e4eb31c9122bf0a6e7, type: 3}
      propertyPath: m_Name
      value: fe_vil_wagons_brokenwag_wheel02lean
      objectReference: {fileID: 0}
    - target: {fileID: 434080, guid: 7a39cf4cc605b5e4eb31c9122bf0a6e7, type: 3}
      propertyPath: m_LocalPosition.x
      value: 0.46999997
      objectReference: {fileID: 0}
    - target: {fileID: 434080, guid: 7a39cf4cc605b5e4eb31c9122bf0a6e7, type: 3}
      propertyPath: m_LocalPosition.y
      value: 0
      objectReference: {fileID: 0}
    - target: {fileID: 434080, guid: 7a39cf4cc605b5e4eb31c9122bf0a6e7, type: 3}
      propertyPath: m_LocalPosition.z
      value: -0.106
      objectReference: {fileID: 0}
    - target: {fileID: 434080, guid: 7a39cf4cc605b5e4eb31c9122bf0a6e7, type: 3}
      propertyPath: m_LocalRotation.x
      value: -0
      objectReference: {fileID: 0}
    - target: {fileID: 434080, guid: 7a39cf4cc605b5e4eb31c9122bf0a6e7, type: 3}
      propertyPath: m_LocalRotation.y
      value: 0.11670028
      objectReference: {fileID: 0}
    - target: {fileID: 434080, guid: 7a39cf4cc605b5e4eb31c9122bf0a6e7, type: 3}
      propertyPath: m_LocalRotation.z
      value: -0
      objectReference: {fileID: 0}
    - target: {fileID: 434080, guid: 7a39cf4cc605b5e4eb31c9122bf0a6e7, type: 3}
      propertyPath: m_LocalRotation.w
      value: 0.9931672
      objectReference: {fileID: 0}
    - target: {fileID: 434080, guid: 7a39cf4cc605b5e4eb31c9122bf0a6e7, type: 3}
      propertyPath: m_RootOrder
      value: 3
      objectReference: {fileID: 0}
    - target: {fileID: 434080, guid: 7a39cf4cc605b5e4eb31c9122bf0a6e7, type: 3}
      propertyPath: m_LocalEulerAnglesHint.x
      value: 0
      objectReference: {fileID: 0}
    - target: {fileID: 434080, guid: 7a39cf4cc605b5e4eb31c9122bf0a6e7, type: 3}
      propertyPath: m_LocalEulerAnglesHint.y
      value: 13.403001
      objectReference: {fileID: 0}
    - target: {fileID: 434080, guid: 7a39cf4cc605b5e4eb31c9122bf0a6e7, type: 3}
      propertyPath: m_LocalEulerAnglesHint.z
      value: 0
      objectReference: {fileID: 0}
    m_RemovedComponents: []
  m_SourcePrefab: {fileID: 100100000, guid: 7a39cf4cc605b5e4eb31c9122bf0a6e7, type: 3}
--- !u!4 &602171566403709415 stripped
Transform:
  m_CorrespondingSourceObject: {fileID: 434080, guid: 7a39cf4cc605b5e4eb31c9122bf0a6e7,
    type: 3}
  m_PrefabInstance: {fileID: 602171566403614279}
  m_PrefabAsset: {fileID: 0}
--- !u!1001 &879805281969587536
PrefabInstance:
  m_ObjectHideFlags: 0
  serializedVersion: 2
  m_Modification:
    m_TransformParent: {fileID: 6392567473165223208}
    m_Modifications:
    - target: {fileID: 138364, guid: 3d497eac68d10a0438e4e2c6807ea483, type: 3}
      propertyPath: m_Name
      value: fe_vil_crate_04d
      objectReference: {fileID: 0}
    - target: {fileID: 451200, guid: 3d497eac68d10a0438e4e2c6807ea483, type: 3}
      propertyPath: m_LocalPosition.x
      value: -0.185
      objectReference: {fileID: 0}
    - target: {fileID: 451200, guid: 3d497eac68d10a0438e4e2c6807ea483, type: 3}
      propertyPath: m_LocalPosition.y
      value: 0
      objectReference: {fileID: 0}
    - target: {fileID: 451200, guid: 3d497eac68d10a0438e4e2c6807ea483, type: 3}
      propertyPath: m_LocalPosition.z
      value: -0.775
      objectReference: {fileID: 0}
    - target: {fileID: 451200, guid: 3d497eac68d10a0438e4e2c6807ea483, type: 3}
      propertyPath: m_LocalRotation.x
      value: -0
      objectReference: {fileID: 0}
    - target: {fileID: 451200, guid: 3d497eac68d10a0438e4e2c6807ea483, type: 3}
      propertyPath: m_LocalRotation.y
      value: 0.3545035
      objectReference: {fileID: 0}
    - target: {fileID: 451200, guid: 3d497eac68d10a0438e4e2c6807ea483, type: 3}
      propertyPath: m_LocalRotation.z
      value: -0
      objectReference: {fileID: 0}
    - target: {fileID: 451200, guid: 3d497eac68d10a0438e4e2c6807ea483, type: 3}
      propertyPath: m_LocalRotation.w
      value: 0.9350547
      objectReference: {fileID: 0}
    - target: {fileID: 451200, guid: 3d497eac68d10a0438e4e2c6807ea483, type: 3}
      propertyPath: m_RootOrder
      value: 1
      objectReference: {fileID: 0}
    - target: {fileID: 451200, guid: 3d497eac68d10a0438e4e2c6807ea483, type: 3}
      propertyPath: m_LocalEulerAnglesHint.x
      value: 0
      objectReference: {fileID: 0}
    - target: {fileID: 451200, guid: 3d497eac68d10a0438e4e2c6807ea483, type: 3}
      propertyPath: m_LocalEulerAnglesHint.y
      value: 41.526
      objectReference: {fileID: 0}
    - target: {fileID: 451200, guid: 3d497eac68d10a0438e4e2c6807ea483, type: 3}
      propertyPath: m_LocalEulerAnglesHint.z
      value: 0
      objectReference: {fileID: 0}
    - target: {fileID: 451200, guid: 3d497eac68d10a0438e4e2c6807ea483, type: 3}
      propertyPath: m_LocalScale.x
      value: 1
      objectReference: {fileID: 0}
    - target: {fileID: 451200, guid: 3d497eac68d10a0438e4e2c6807ea483, type: 3}
      propertyPath: m_LocalScale.z
      value: 1
      objectReference: {fileID: 0}
    m_RemovedComponents: []
  m_SourcePrefab: {fileID: 100100000, guid: 3d497eac68d10a0438e4e2c6807ea483, type: 3}
--- !u!4 &879805281969219536 stripped
Transform:
  m_CorrespondingSourceObject: {fileID: 451200, guid: 3d497eac68d10a0438e4e2c6807ea483,
    type: 3}
  m_PrefabInstance: {fileID: 879805281969587536}
  m_PrefabAsset: {fileID: 0}
--- !u!1001 &6392567472886614688
PrefabInstance:
  m_ObjectHideFlags: 0
  serializedVersion: 2
  m_Modification:
    m_TransformParent: {fileID: 6392567473165223208}
    m_Modifications:
    - target: {fileID: 3563857804543455566, guid: 9e29453cf2d6b5b4f96628d3699872fa,
        type: 3}
      propertyPath: m_Name
      value: fe_vil_mm_PostBox02
      objectReference: {fileID: 0}
    - target: {fileID: 3563857804543880558, guid: 9e29453cf2d6b5b4f96628d3699872fa,
        type: 3}
      propertyPath: m_LocalPosition.x
      value: 0
      objectReference: {fileID: 0}
    - target: {fileID: 3563857804543880558, guid: 9e29453cf2d6b5b4f96628d3699872fa,
        type: 3}
      propertyPath: m_LocalPosition.y
      value: 0
      objectReference: {fileID: 0}
    - target: {fileID: 3563857804543880558, guid: 9e29453cf2d6b5b4f96628d3699872fa,
        type: 3}
      propertyPath: m_LocalPosition.z
      value: 0
      objectReference: {fileID: 0}
    - target: {fileID: 3563857804543880558, guid: 9e29453cf2d6b5b4f96628d3699872fa,
        type: 3}
      propertyPath: m_LocalRotation.x
      value: -0
      objectReference: {fileID: 0}
    - target: {fileID: 3563857804543880558, guid: 9e29453cf2d6b5b4f96628d3699872fa,
        type: 3}
      propertyPath: m_LocalRotation.y
      value: -0
      objectReference: {fileID: 0}
    - target: {fileID: 3563857804543880558, guid: 9e29453cf2d6b5b4f96628d3699872fa,
        type: 3}
      propertyPath: m_LocalRotation.z
      value: -0
      objectReference: {fileID: 0}
    - target: {fileID: 3563857804543880558, guid: 9e29453cf2d6b5b4f96628d3699872fa,
        type: 3}
      propertyPath: m_LocalRotation.w
      value: 1
      objectReference: {fileID: 0}
    - target: {fileID: 3563857804543880558, guid: 9e29453cf2d6b5b4f96628d3699872fa,
        type: 3}
      propertyPath: m_RootOrder
      value: 0
      objectReference: {fileID: 0}
    - target: {fileID: 3563857804543880558, guid: 9e29453cf2d6b5b4f96628d3699872fa,
        type: 3}
      propertyPath: m_LocalEulerAnglesHint.x
      value: 0
      objectReference: {fileID: 0}
    - target: {fileID: 3563857804543880558, guid: 9e29453cf2d6b5b4f96628d3699872fa,
        type: 3}
      propertyPath: m_LocalEulerAnglesHint.y
      value: 0
      objectReference: {fileID: 0}
    - target: {fileID: 3563857804543880558, guid: 9e29453cf2d6b5b4f96628d3699872fa,
        type: 3}
      propertyPath: m_LocalEulerAnglesHint.z
      value: 0
      objectReference: {fileID: 0}
    m_RemovedComponents: []
  m_SourcePrefab: {fileID: 100100000, guid: 9e29453cf2d6b5b4f96628d3699872fa, type: 3}
--- !u!4 &7621124066783061966 stripped
Transform:
  m_CorrespondingSourceObject: {fileID: 3563857804543880558, guid: 9e29453cf2d6b5b4f96628d3699872fa,
    type: 3}
  m_PrefabInstance: {fileID: 6392567472886614688}
  m_PrefabAsset: {fileID: 0}
--- !u!1001 &7979338355158463646
PrefabInstance:
  m_ObjectHideFlags: 0
  serializedVersion: 2
  m_Modification:
    m_TransformParent: {fileID: 6392567473165223208}
    m_Modifications:
    - target: {fileID: 100000, guid: 1644ed8a866cd76478dca8b65ad9600e, type: 3}
      propertyPath: m_Name
      value: fi_vil_container_sack02x5
      objectReference: {fileID: 0}
    - target: {fileID: 400000, guid: 1644ed8a866cd76478dca8b65ad9600e, type: 3}
      propertyPath: m_LocalPosition.x
      value: -0.088
      objectReference: {fileID: 0}
    - target: {fileID: 400000, guid: 1644ed8a866cd76478dca8b65ad9600e, type: 3}
      propertyPath: m_LocalPosition.y
      value: 0
      objectReference: {fileID: 0}
    - target: {fileID: 400000, guid: 1644ed8a866cd76478dca8b65ad9600e, type: 3}
      propertyPath: m_LocalPosition.z
      value: 0.527
      objectReference: {fileID: 0}
    - target: {fileID: 400000, guid: 1644ed8a866cd76478dca8b65ad9600e, type: 3}
      propertyPath: m_LocalRotation.x
      value: -0
      objectReference: {fileID: 0}
    - target: {fileID: 400000, guid: 1644ed8a866cd76478dca8b65ad9600e, type: 3}
      propertyPath: m_LocalRotation.y
      value: -0.14229347
      objectReference: {fileID: 0}
    - target: {fileID: 400000, guid: 1644ed8a866cd76478dca8b65ad9600e, type: 3}
      propertyPath: m_LocalRotation.z
      value: -0
      objectReference: {fileID: 0}
    - target: {fileID: 400000, guid: 1644ed8a866cd76478dca8b65ad9600e, type: 3}
      propertyPath: m_LocalRotation.w
      value: 0.9898246
      objectReference: {fileID: 0}
    - target: {fileID: 400000, guid: 1644ed8a866cd76478dca8b65ad9600e, type: 3}
      propertyPath: m_RootOrder
      value: 2
      objectReference: {fileID: 0}
    - target: {fileID: 400000, guid: 1644ed8a866cd76478dca8b65ad9600e, type: 3}
      propertyPath: m_LocalEulerAnglesHint.x
      value: 0
      objectReference: {fileID: 0}
    - target: {fileID: 400000, guid: 1644ed8a866cd76478dca8b65ad9600e, type: 3}
      propertyPath: m_LocalEulerAnglesHint.y
      value: -16.361
      objectReference: {fileID: 0}
    - target: {fileID: 400000, guid: 1644ed8a866cd76478dca8b65ad9600e, type: 3}
      propertyPath: m_LocalEulerAnglesHint.z
      value: 0
      objectReference: {fileID: 0}
    m_RemovedComponents: []
  m_SourcePrefab: {fileID: 100100000, guid: 1644ed8a866cd76478dca8b65ad9600e, type: 3}
--- !u!4 &7979338355158068766 stripped
Transform:
  m_CorrespondingSourceObject: {fileID: 400000, guid: 1644ed8a866cd76478dca8b65ad9600e,
    type: 3}
  m_PrefabInstance: {fileID: 7979338355158463646}
  m_PrefabAsset: {fileID: 0}
