%YAML 1.1
%TAG !u! tag:unity3d.com,2011:
--- !u!1 &1168271280474287086
GameObject:
  m_ObjectHideFlags: 0
  m_CorrespondingSourceObject: {fileID: 0}
  m_PrefabInstance: {fileID: 0}
  m_PrefabAsset: {fileID: 0}
  serializedVersion: 6
  m_Component:
  - component: {fileID: 4663275436512207100}
  m_Layer: 0
  m_Name: POI_PostBox01B
  m_TagString: Untagged
  m_Icon: {fileID: 0}
  m_NavMeshLayer: 0
  m_StaticEditorFlags: 0
  m_IsActive: 1
--- !u!4 &4663275436512207100
Transform:
  m_ObjectHideFlags: 0
  m_CorrespondingSourceObject: {fileID: 0}
  m_PrefabInstance: {fileID: 0}
  m_PrefabAsset: {fileID: 0}
  m_GameObject: {fileID: 1168271280474287086}
  m_LocalRotation: {x: 0, y: 0, z: 0, w: 1}
  m_LocalPosition: {x: 0, y: 0, z: 0}
  m_LocalScale: {x: 1, y: 1, z: 1}
  m_Children:
  - {fileID: 4866381428531105334}
  - {fileID: 4788848849609981844}
  - {fileID: 7365646491219672900}
  m_Father: {fileID: 0}
  m_RootOrder: 0
  m_LocalEulerAnglesHint: {x: 0, y: 0, z: 0}
--- !u!1001 &4788848849610103460
PrefabInstance:
  m_ObjectHideFlags: 0
  serializedVersion: 2
  m_Modification:
    m_TransformParent: {fileID: 4663275436512207100}
    m_Modifications:
    - target: {fileID: 186242, guid: b7bc651c12d92e046be34a031b0afb63, type: 3}
      propertyPath: m_Name
      value: fe_vil_barrel_S1d
      objectReference: {fileID: 0}
    - target: {fileID: 402736, guid: b7bc651c12d92e046be34a031b0afb63, type: 3}
      propertyPath: m_LocalPosition.x
      value: 0.27799994
      objectReference: {fileID: 0}
    - target: {fileID: 402736, guid: b7bc651c12d92e046be34a031b0afb63, type: 3}
      propertyPath: m_LocalPosition.y
      value: 0
      objectReference: {fileID: 0}
    - target: {fileID: 402736, guid: b7bc651c12d92e046be34a031b0afb63, type: 3}
      propertyPath: m_LocalPosition.z
      value: 0.408
      objectReference: {fileID: 0}
    - target: {fileID: 402736, guid: b7bc651c12d92e046be34a031b0afb63, type: 3}
      propertyPath: m_LocalRotation.x
      value: -0
      objectReference: {fileID: 0}
    - target: {fileID: 402736, guid: b7bc651c12d92e046be34a031b0afb63, type: 3}
      propertyPath: m_LocalRotation.y
      value: 0.33704633
      objectReference: {fileID: 0}
    - target: {fileID: 402736, guid: b7bc651c12d92e046be34a031b0afb63, type: 3}
      propertyPath: m_LocalRotation.z
      value: -0
      objectReference: {fileID: 0}
    - target: {fileID: 402736, guid: b7bc651c12d92e046be34a031b0afb63, type: 3}
      propertyPath: m_LocalRotation.w
      value: 0.9414881
      objectReference: {fileID: 0}
    - target: {fileID: 402736, guid: b7bc651c12d92e046be34a031b0afb63, type: 3}
      propertyPath: m_RootOrder
      value: 1
      objectReference: {fileID: 0}
    - target: {fileID: 402736, guid: b7bc651c12d92e046be34a031b0afb63, type: 3}
      propertyPath: m_LocalEulerAnglesHint.x
      value: 0
      objectReference: {fileID: 0}
    - target: {fileID: 402736, guid: b7bc651c12d92e046be34a031b0afb63, type: 3}
      propertyPath: m_LocalEulerAnglesHint.y
      value: 39.394
      objectReference: {fileID: 0}
    - target: {fileID: 402736, guid: b7bc651c12d92e046be34a031b0afb63, type: 3}
      propertyPath: m_LocalEulerAnglesHint.z
      value: 0
      objectReference: {fileID: 0}
    m_RemovedComponents: []
  m_SourcePrefab: {fileID: 100100000, guid: b7bc651c12d92e046be34a031b0afb63, type: 3}
--- !u!4 &4788848849609981844 stripped
Transform:
  m_CorrespondingSourceObject: {fileID: 402736, guid: b7bc651c12d92e046be34a031b0afb63,
    type: 3}
  m_PrefabInstance: {fileID: 4788848849610103460}
  m_PrefabAsset: {fileID: 0}
--- !u!1001 &5081795738660772342
PrefabInstance:
  m_ObjectHideFlags: 0
  serializedVersion: 2
  m_Modification:
    m_TransformParent: {fileID: 4663275436512207100}
    m_Modifications:
    - target: {fileID: 364499567788952544, guid: cc982d75c7eb1304a81ce579d3e4c52c,
        type: 3}
      propertyPath: m_Name
      value: fe_vil_mm_PostBox01
      objectReference: {fileID: 0}
    - target: {fileID: 364499567789447104, guid: cc982d75c7eb1304a81ce579d3e4c52c,
        type: 3}
      propertyPath: m_LocalPosition.x
      value: 0
      objectReference: {fileID: 0}
    - target: {fileID: 364499567789447104, guid: cc982d75c7eb1304a81ce579d3e4c52c,
        type: 3}
      propertyPath: m_LocalPosition.y
      value: 0
      objectReference: {fileID: 0}
    - target: {fileID: 364499567789447104, guid: cc982d75c7eb1304a81ce579d3e4c52c,
        type: 3}
      propertyPath: m_LocalPosition.z
      value: 0
      objectReference: {fileID: 0}
    - target: {fileID: 364499567789447104, guid: cc982d75c7eb1304a81ce579d3e4c52c,
        type: 3}
      propertyPath: m_LocalRotation.x
      value: -0
      objectReference: {fileID: 0}
    - target: {fileID: 364499567789447104, guid: cc982d75c7eb1304a81ce579d3e4c52c,
        type: 3}
      propertyPath: m_LocalRotation.y
      value: -0
      objectReference: {fileID: 0}
    - target: {fileID: 364499567789447104, guid: cc982d75c7eb1304a81ce579d3e4c52c,
        type: 3}
      propertyPath: m_LocalRotation.z
      value: -0
      objectReference: {fileID: 0}
    - target: {fileID: 364499567789447104, guid: cc982d75c7eb1304a81ce579d3e4c52c,
        type: 3}
      propertyPath: m_LocalRotation.w
      value: 1
      objectReference: {fileID: 0}
    - target: {fileID: 364499567789447104, guid: cc982d75c7eb1304a81ce579d3e4c52c,
        type: 3}
      propertyPath: m_RootOrder
      value: 0
      objectReference: {fileID: 0}
    - target: {fileID: 364499567789447104, guid: cc982d75c7eb1304a81ce579d3e4c52c,
        type: 3}
      propertyPath: m_LocalEulerAnglesHint.x
      value: 0
      objectReference: {fileID: 0}
    - target: {fileID: 364499567789447104, guid: cc982d75c7eb1304a81ce579d3e4c52c,
        type: 3}
      propertyPath: m_LocalEulerAnglesHint.y
      value: 0
      objectReference: {fileID: 0}
    - target: {fileID: 364499567789447104, guid: cc982d75c7eb1304a81ce579d3e4c52c,
        type: 3}
      propertyPath: m_LocalEulerAnglesHint.z
      value: 0
      objectReference: {fileID: 0}
    m_RemovedComponents: []
  m_SourcePrefab: {fileID: 100100000, guid: cc982d75c7eb1304a81ce579d3e4c52c, type: 3}
--- !u!4 &4866381428531105334 stripped
Transform:
  m_CorrespondingSourceObject: {fileID: 364499567789447104, guid: cc982d75c7eb1304a81ce579d3e4c52c,
    type: 3}
  m_PrefabInstance: {fileID: 5081795738660772342}
  m_PrefabAsset: {fileID: 0}
--- !u!1001 &7365646491220059588
PrefabInstance:
  m_ObjectHideFlags: 0
  serializedVersion: 2
  m_Modification:
    m_TransformParent: {fileID: 4663275436512207100}
    m_Modifications:
    - target: {fileID: 100000, guid: 990dfdc0273fc324daa3afc755f28fa1, type: 3}
      propertyPath: m_Name
      value: fi_vil_container_bag01_01
      objectReference: {fileID: 0}
    - target: {fileID: 400000, guid: 990dfdc0273fc324daa3afc755f28fa1, type: 3}
      propertyPath: m_LocalPosition.x
      value: 0.36200005
      objectReference: {fileID: 0}
    - target: {fileID: 400000, guid: 990dfdc0273fc324daa3afc755f28fa1, type: 3}
      propertyPath: m_LocalPosition.y
      value: -0.00016309321
      objectReference: {fileID: 0}
    - target: {fileID: 400000, guid: 990dfdc0273fc324daa3afc755f28fa1, type: 3}
      propertyPath: m_LocalPosition.z
      value: -0.212
      objectReference: {fileID: 0}
    - target: {fileID: 400000, guid: 990dfdc0273fc324daa3afc755f28fa1, type: 3}
      propertyPath: m_LocalRotation.x
      value: 0.005126146
      objectReference: {fileID: 0}
    - target: {fileID: 400000, guid: 990dfdc0273fc324daa3afc755f28fa1, type: 3}
      propertyPath: m_LocalRotation.y
      value: 0.4770089
      objectReference: {fileID: 0}
    - target: {fileID: 400000, guid: 990dfdc0273fc324daa3afc755f28fa1, type: 3}
      propertyPath: m_LocalRotation.z
      value: -0.0021394184
      objectReference: {fileID: 0}
    - target: {fileID: 400000, guid: 990dfdc0273fc324daa3afc755f28fa1, type: 3}
      propertyPath: m_LocalRotation.w
      value: 0.878881
      objectReference: {fileID: 0}
    - target: {fileID: 400000, guid: 990dfdc0273fc324daa3afc755f28fa1, type: 3}
      propertyPath: m_RootOrder
      value: 2
      objectReference: {fileID: 0}
    - target: {fileID: 400000, guid: 990dfdc0273fc324daa3afc755f28fa1, type: 3}
      propertyPath: m_LocalEulerAnglesHint.x
      value: 0.633
      objectReference: {fileID: 0}
    - target: {fileID: 400000, guid: 990dfdc0273fc324daa3afc755f28fa1, type: 3}
      propertyPath: m_LocalEulerAnglesHint.y
      value: 56.982002
      objectReference: {fileID: 0}
    - target: {fileID: 400000, guid: 990dfdc0273fc324daa3afc755f28fa1, type: 3}
      propertyPath: m_LocalEulerAnglesHint.z
      value: 0.065000005
      objectReference: {fileID: 0}
    - target: {fileID: 400000, guid: 990dfdc0273fc324daa3afc755f28fa1, type: 3}
      propertyPath: m_LocalScale.x
      value: 1
      objectReference: {fileID: 0}
    - target: {fileID: 400000, guid: 990dfdc0273fc324daa3afc755f28fa1, type: 3}
      propertyPath: m_LocalScale.z
      value: 1
      objectReference: {fileID: 0}
    m_RemovedComponents: []
  m_SourcePrefab: {fileID: 100100000, guid: 990dfdc0273fc324daa3afc755f28fa1, type: 3}
--- !u!4 &7365646491219672900 stripped
Transform:
  m_CorrespondingSourceObject: {fileID: 400000, guid: 990dfdc0273fc324daa3afc755f28fa1,
    type: 3}
  m_PrefabInstance: {fileID: 7365646491220059588}
  m_PrefabAsset: {fileID: 0}
