%YAML 1.1
%TAG !u! tag:unity3d.com,2011:
--- !u!1 &6999740184281388291
GameObject:
  m_ObjectHideFlags: 0
  m_CorrespondingSourceObject: {fileID: 0}
  m_PrefabInstance: {fileID: 0}
  m_PrefabAsset: {fileID: 0}
  serializedVersion: 6
  m_Component:
  - component: {fileID: 6999740184281388290}
  m_Layer: 0
  m_Name: MarketWild02
  m_TagString: Untagged
  m_Icon: {fileID: 0}
  m_NavMeshLayer: 0
  m_StaticEditorFlags: 0
  m_IsActive: 1
--- !u!4 &6999740184281388290
Transform:
  m_ObjectHideFlags: 0
  m_CorrespondingSourceObject: {fileID: 0}
  m_PrefabInstance: {fileID: 0}
  m_PrefabAsset: {fileID: 0}
  m_GameObject: {fileID: 6999740184281388291}
  m_LocalRotation: {x: 0, y: 0, z: 0, w: 1}
  m_LocalPosition: {x: 0, y: 0, z: 0}
  m_LocalScale: {x: 1, y: 1, z: 1}
  m_Children:
  - {fileID: 6099279549357509373}
  - {fileID: 6063358086285028243}
  - {fileID: 6999740185962134950}
  - {fileID: 6999740184597650288}
  m_Father: {fileID: 0}
  m_RootOrder: 0
  m_LocalEulerAnglesHint: {x: 0, y: 0, z: 0}
--- !u!1 &6999740184597650289
GameObject:
  m_ObjectHideFlags: 0
  m_CorrespondingSourceObject: {fileID: 0}
  m_PrefabInstance: {fileID: 0}
  m_PrefabAsset: {fileID: 0}
  serializedVersion: 6
  m_Component:
  - component: {fileID: 6999740184597650288}
  m_Layer: 0
  m_Name: Merchants
  m_TagString: Untagged
  m_Icon: {fileID: 0}
  m_NavMeshLayer: 0
  m_StaticEditorFlags: 0
  m_IsActive: 1
--- !u!4 &6999740184597650288
Transform:
  m_ObjectHideFlags: 0
  m_CorrespondingSourceObject: {fileID: 0}
  m_PrefabInstance: {fileID: 0}
  m_PrefabAsset: {fileID: 0}
  m_GameObject: {fileID: 6999740184597650289}
  m_LocalRotation: {x: -0, y: -0, z: -0, w: 1}
  m_LocalPosition: {x: 0, y: 0, z: 0}
  m_LocalScale: {x: 1, y: 1, z: 1}
  m_Children:
  - {fileID: 8285364698117494126}
  - {fileID: 333083606606947893}
  - {fileID: 2557690043901633839}
  - {fileID: 7158158976495190583}
  - {fileID: 6989481776569898084}
  - {fileID: 3041277636919356662}
  - {fileID: 2346830742956743052}
  - {fileID: 5836035004130014452}
  m_Father: {fileID: 6999740184281388290}
  m_RootOrder: 3
  m_LocalEulerAnglesHint: {x: 0, y: 0, z: 0}
--- !u!1 &6999740185962134951
GameObject:
  m_ObjectHideFlags: 0
  m_CorrespondingSourceObject: {fileID: 0}
  m_PrefabInstance: {fileID: 0}
  m_PrefabAsset: {fileID: 0}
  serializedVersion: 6
  m_Component:
  - component: {fileID: 6999740185962134950}
  m_Layer: 0
  m_Name: Props
  m_TagString: Untagged
  m_Icon: {fileID: 0}
  m_NavMeshLayer: 0
  m_StaticEditorFlags: 0
  m_IsActive: 1
--- !u!4 &6999740185962134950
Transform:
  m_ObjectHideFlags: 0
  m_CorrespondingSourceObject: {fileID: 0}
  m_PrefabInstance: {fileID: 0}
  m_PrefabAsset: {fileID: 0}
  m_GameObject: {fileID: 6999740185962134951}
  m_LocalRotation: {x: -0, y: -0, z: -0, w: 1}
  m_LocalPosition: {x: 0, y: 0, z: 0}
  m_LocalScale: {x: 1, y: 1, z: 1}
  m_Children:
  - {fileID: 6999740185818167098}
  - {fileID: 7898741432913566485}
  - {fileID: 7898741433117350079}
  - {fileID: 7898741432212003583}
  - {fileID: 7898741431827521420}
  - {fileID: 7898741431573445990}
  - {fileID: 6999740185115826601}
  - {fileID: 7898741431683534134}
  - {fileID: 6999740185896340415}
  - {fileID: 7898741432494347093}
  - {fileID: 6999740184292385957}
  - {fileID: 7898741432820419298}
  - {fileID: 7898741432424633277}
  - {fileID: 7898741431583123389}
  - {fileID: 7898741432403433981}
  - {fileID: 7898741432673382883}
  - {fileID: 2130645071774299948}
  - {fileID: 2130645071296923321}
  m_Father: {fileID: 6999740184281388290}
  m_RootOrder: 2
  m_LocalEulerAnglesHint: {x: 0, y: 0, z: 0}
--- !u!1001 &1236369489883852782
PrefabInstance:
  m_ObjectHideFlags: 0
  serializedVersion: 2
  m_Modification:
    m_TransformParent: {fileID: 2130645071774299948}
    m_Modifications:
    - target: {fileID: 181086, guid: 6513116a02c93da45ab0184c44c50537, type: 3}
      propertyPath: m_Name
      value: fe_vil_WTower_ladder02c
      objectReference: {fileID: 0}
    - target: {fileID: 429500, guid: 6513116a02c93da45ab0184c44c50537, type: 3}
      propertyPath: m_LocalPosition.x
      value: -2.1409998
      objectReference: {fileID: 0}
    - target: {fileID: 429500, guid: 6513116a02c93da45ab0184c44c50537, type: 3}
      propertyPath: m_LocalPosition.y
      value: 0
      objectReference: {fileID: 0}
    - target: {fileID: 429500, guid: 6513116a02c93da45ab0184c44c50537, type: 3}
      propertyPath: m_LocalPosition.z
      value: 0.07999992
      objectReference: {fileID: 0}
    - target: {fileID: 429500, guid: 6513116a02c93da45ab0184c44c50537, type: 3}
      propertyPath: m_LocalRotation.x
      value: 0.11420127
      objectReference: {fileID: 0}
    - target: {fileID: 429500, guid: 6513116a02c93da45ab0184c44c50537, type: 3}
      propertyPath: m_LocalRotation.y
      value: 0.9934577
      objectReference: {fileID: 0}
    - target: {fileID: 429500, guid: 6513116a02c93da45ab0184c44c50537, type: 3}
      propertyPath: m_LocalRotation.z
      value: 0.0000069338366
      objectReference: {fileID: 0}
    - target: {fileID: 429500, guid: 6513116a02c93da45ab0184c44c50537, type: 3}
      propertyPath: m_LocalRotation.w
      value: 0.00009208053
      objectReference: {fileID: 0}
    - target: {fileID: 429500, guid: 6513116a02c93da45ab0184c44c50537, type: 3}
      propertyPath: m_RootOrder
      value: 0
      objectReference: {fileID: 0}
    - target: {fileID: 429500, guid: 6513116a02c93da45ab0184c44c50537, type: 3}
      propertyPath: m_LocalEulerAnglesHint.x
      value: 0
      objectReference: {fileID: 0}
    - target: {fileID: 429500, guid: 6513116a02c93da45ab0184c44c50537, type: 3}
      propertyPath: m_LocalEulerAnglesHint.y
      value: 179.98901
      objectReference: {fileID: 0}
    - target: {fileID: 429500, guid: 6513116a02c93da45ab0184c44c50537, type: 3}
      propertyPath: m_LocalEulerAnglesHint.z
      value: 13.115001
      objectReference: {fileID: 0}
    m_RemovedComponents: []
  m_SourcePrefab: {fileID: 100100000, guid: 6513116a02c93da45ab0184c44c50537, type: 3}
--- !u!1001 &1236369490018713764
PrefabInstance:
  m_ObjectHideFlags: 0
  serializedVersion: 2
  m_Modification:
    m_TransformParent: {fileID: 2130645071296923321}
    m_Modifications:
    - target: {fileID: 181086, guid: 6513116a02c93da45ab0184c44c50537, type: 3}
      propertyPath: m_Name
      value: fe_vil_WTower_ladder02c
      objectReference: {fileID: 0}
    - target: {fileID: 429500, guid: 6513116a02c93da45ab0184c44c50537, type: 3}
      propertyPath: m_LocalPosition.x
      value: -2.1409998
      objectReference: {fileID: 0}
    - target: {fileID: 429500, guid: 6513116a02c93da45ab0184c44c50537, type: 3}
      propertyPath: m_LocalPosition.y
      value: 0
      objectReference: {fileID: 0}
    - target: {fileID: 429500, guid: 6513116a02c93da45ab0184c44c50537, type: 3}
      propertyPath: m_LocalPosition.z
      value: 0.07999992
      objectReference: {fileID: 0}
    - target: {fileID: 429500, guid: 6513116a02c93da45ab0184c44c50537, type: 3}
      propertyPath: m_LocalRotation.x
      value: 0.11420127
      objectReference: {fileID: 0}
    - target: {fileID: 429500, guid: 6513116a02c93da45ab0184c44c50537, type: 3}
      propertyPath: m_LocalRotation.y
      value: 0.9934577
      objectReference: {fileID: 0}
    - target: {fileID: 429500, guid: 6513116a02c93da45ab0184c44c50537, type: 3}
      propertyPath: m_LocalRotation.z
      value: 0.0000069338366
      objectReference: {fileID: 0}
    - target: {fileID: 429500, guid: 6513116a02c93da45ab0184c44c50537, type: 3}
      propertyPath: m_LocalRotation.w
      value: 0.00009208053
      objectReference: {fileID: 0}
    - target: {fileID: 429500, guid: 6513116a02c93da45ab0184c44c50537, type: 3}
      propertyPath: m_RootOrder
      value: 0
      objectReference: {fileID: 0}
    - target: {fileID: 429500, guid: 6513116a02c93da45ab0184c44c50537, type: 3}
      propertyPath: m_LocalEulerAnglesHint.x
      value: 0
      objectReference: {fileID: 0}
    - target: {fileID: 429500, guid: 6513116a02c93da45ab0184c44c50537, type: 3}
      propertyPath: m_LocalEulerAnglesHint.y
      value: 179.98901
      objectReference: {fileID: 0}
    - target: {fileID: 429500, guid: 6513116a02c93da45ab0184c44c50537, type: 3}
      propertyPath: m_LocalEulerAnglesHint.z
      value: 13.115001
      objectReference: {fileID: 0}
    m_RemovedComponents: []
  m_SourcePrefab: {fileID: 100100000, guid: 6513116a02c93da45ab0184c44c50537, type: 3}
--- !u!1001 &2130645071296575633
PrefabInstance:
  m_ObjectHideFlags: 0
  serializedVersion: 2
  m_Modification:
    m_TransformParent: {fileID: 6999740185962134950}
    m_Modifications:
    - target: {fileID: 148628, guid: fd714c897f8985043b771e3c3d5707e5, type: 3}
      propertyPath: m_Name
      value: fe_vil_WTower_02_ultra (2)
      objectReference: {fileID: 0}
    - target: {fileID: 441896, guid: fd714c897f8985043b771e3c3d5707e5, type: 3}
      propertyPath: m_LocalPosition.x
      value: 10.79
      objectReference: {fileID: 0}
    - target: {fileID: 441896, guid: fd714c897f8985043b771e3c3d5707e5, type: 3}
      propertyPath: m_LocalPosition.y
      value: 0
      objectReference: {fileID: 0}
    - target: {fileID: 441896, guid: fd714c897f8985043b771e3c3d5707e5, type: 3}
      propertyPath: m_LocalPosition.z
      value: -10.663
      objectReference: {fileID: 0}
    - target: {fileID: 441896, guid: fd714c897f8985043b771e3c3d5707e5, type: 3}
      propertyPath: m_LocalRotation.x
      value: -0
      objectReference: {fileID: 0}
    - target: {fileID: 441896, guid: fd714c897f8985043b771e3c3d5707e5, type: 3}
      propertyPath: m_LocalRotation.y
      value: -0
      objectReference: {fileID: 0}
    - target: {fileID: 441896, guid: fd714c897f8985043b771e3c3d5707e5, type: 3}
      propertyPath: m_LocalRotation.z
      value: -0
      objectReference: {fileID: 0}
    - target: {fileID: 441896, guid: fd714c897f8985043b771e3c3d5707e5, type: 3}
      propertyPath: m_LocalRotation.w
      value: 1
      objectReference: {fileID: 0}
    - target: {fileID: 441896, guid: fd714c897f8985043b771e3c3d5707e5, type: 3}
      propertyPath: m_RootOrder
      value: 17
      objectReference: {fileID: 0}
    - target: {fileID: 441896, guid: fd714c897f8985043b771e3c3d5707e5, type: 3}
      propertyPath: m_LocalEulerAnglesHint.x
      value: 0
      objectReference: {fileID: 0}
    - target: {fileID: 441896, guid: fd714c897f8985043b771e3c3d5707e5, type: 3}
      propertyPath: m_LocalEulerAnglesHint.y
      value: 0
      objectReference: {fileID: 0}
    - target: {fileID: 441896, guid: fd714c897f8985043b771e3c3d5707e5, type: 3}
      propertyPath: m_LocalEulerAnglesHint.z
      value: 0
      objectReference: {fileID: 0}
    m_RemovedComponents: []
  m_SourcePrefab: {fileID: 100100000, guid: fd714c897f8985043b771e3c3d5707e5, type: 3}
--- !u!4 &2130645071296923321 stripped
Transform:
  m_CorrespondingSourceObject: {fileID: 441896, guid: fd714c897f8985043b771e3c3d5707e5,
    type: 3}
  m_PrefabInstance: {fileID: 2130645071296575633}
  m_PrefabAsset: {fileID: 0}
--- !u!1001 &2130645071774451972
PrefabInstance:
  m_ObjectHideFlags: 0
  serializedVersion: 2
  m_Modification:
    m_TransformParent: {fileID: 6999740185962134950}
    m_Modifications:
    - target: {fileID: 148628, guid: fd714c897f8985043b771e3c3d5707e5, type: 3}
      propertyPath: m_Name
      value: fe_vil_WTower_02_ultra (1)
      objectReference: {fileID: 0}
    - target: {fileID: 441896, guid: fd714c897f8985043b771e3c3d5707e5, type: 3}
      propertyPath: m_LocalPosition.x
      value: -10.89
      objectReference: {fileID: 0}
    - target: {fileID: 441896, guid: fd714c897f8985043b771e3c3d5707e5, type: 3}
      propertyPath: m_LocalPosition.y
      value: 0
      objectReference: {fileID: 0}
    - target: {fileID: 441896, guid: fd714c897f8985043b771e3c3d5707e5, type: 3}
      propertyPath: m_LocalPosition.z
      value: -10.78
      objectReference: {fileID: 0}
    - target: {fileID: 441896, guid: fd714c897f8985043b771e3c3d5707e5, type: 3}
      propertyPath: m_LocalRotation.x
      value: -0
      objectReference: {fileID: 0}
    - target: {fileID: 441896, guid: fd714c897f8985043b771e3c3d5707e5, type: 3}
      propertyPath: m_LocalRotation.y
      value: 1
      objectReference: {fileID: 0}
    - target: {fileID: 441896, guid: fd714c897f8985043b771e3c3d5707e5, type: 3}
      propertyPath: m_LocalRotation.z
      value: -0
      objectReference: {fileID: 0}
    - target: {fileID: 441896, guid: fd714c897f8985043b771e3c3d5707e5, type: 3}
      propertyPath: m_LocalRotation.w
      value: 0.0000029504295
      objectReference: {fileID: 0}
    - target: {fileID: 441896, guid: fd714c897f8985043b771e3c3d5707e5, type: 3}
      propertyPath: m_RootOrder
      value: 16
      objectReference: {fileID: 0}
    - target: {fileID: 441896, guid: fd714c897f8985043b771e3c3d5707e5, type: 3}
      propertyPath: m_LocalEulerAnglesHint.x
      value: 0
      objectReference: {fileID: 0}
    - target: {fileID: 441896, guid: fd714c897f8985043b771e3c3d5707e5, type: 3}
      propertyPath: m_LocalEulerAnglesHint.y
      value: 180.00002
      objectReference: {fileID: 0}
    - target: {fileID: 441896, guid: fd714c897f8985043b771e3c3d5707e5, type: 3}
      propertyPath: m_LocalEulerAnglesHint.z
      value: 0
      objectReference: {fileID: 0}
    m_RemovedComponents: []
  m_SourcePrefab: {fileID: 100100000, guid: fd714c897f8985043b771e3c3d5707e5, type: 3}
--- !u!4 &2130645071774299948 stripped
Transform:
  m_CorrespondingSourceObject: {fileID: 441896, guid: fd714c897f8985043b771e3c3d5707e5,
    type: 3}
  m_PrefabInstance: {fileID: 2130645071774451972}
  m_PrefabAsset: {fileID: 0}
--- !u!1001 &3662478216050237645
PrefabInstance:
  m_ObjectHideFlags: 0
  serializedVersion: 2
  m_Modification:
    m_TransformParent: {fileID: 6999740184597650288}
    m_Modifications:
    - target: {fileID: 2070647970843881251, guid: c656200cb2464d34fb95ffe0243c5beb,
        type: 3}
      propertyPath: m_Name
      value: Grocer02_w
      objectReference: {fileID: 0}
    - target: {fileID: 4623010730371528099, guid: c656200cb2464d34fb95ffe0243c5beb,
        type: 3}
      propertyPath: m_LocalPosition.x
      value: 3.41
      objectReference: {fileID: 0}
    - target: {fileID: 4623010730371528099, guid: c656200cb2464d34fb95ffe0243c5beb,
        type: 3}
      propertyPath: m_LocalPosition.y
      value: 0
      objectReference: {fileID: 0}
    - target: {fileID: 4623010730371528099, guid: c656200cb2464d34fb95ffe0243c5beb,
        type: 3}
      propertyPath: m_LocalPosition.z
      value: -12.526
      objectReference: {fileID: 0}
    - target: {fileID: 4623010730371528099, guid: c656200cb2464d34fb95ffe0243c5beb,
        type: 3}
      propertyPath: m_LocalRotation.x
      value: -0
      objectReference: {fileID: 0}
    - target: {fileID: 4623010730371528099, guid: c656200cb2464d34fb95ffe0243c5beb,
        type: 3}
      propertyPath: m_LocalRotation.y
      value: -0.7071068
      objectReference: {fileID: 0}
    - target: {fileID: 4623010730371528099, guid: c656200cb2464d34fb95ffe0243c5beb,
        type: 3}
      propertyPath: m_LocalRotation.z
      value: -0
      objectReference: {fileID: 0}
    - target: {fileID: 4623010730371528099, guid: c656200cb2464d34fb95ffe0243c5beb,
        type: 3}
      propertyPath: m_LocalRotation.w
      value: 0.7071068
      objectReference: {fileID: 0}
    - target: {fileID: 4623010730371528099, guid: c656200cb2464d34fb95ffe0243c5beb,
        type: 3}
      propertyPath: m_RootOrder
      value: 0
      objectReference: {fileID: 0}
    - target: {fileID: 4623010730371528099, guid: c656200cb2464d34fb95ffe0243c5beb,
        type: 3}
      propertyPath: m_LocalEulerAnglesHint.x
      value: 0
      objectReference: {fileID: 0}
    - target: {fileID: 4623010730371528099, guid: c656200cb2464d34fb95ffe0243c5beb,
        type: 3}
      propertyPath: m_LocalEulerAnglesHint.y
      value: -90
      objectReference: {fileID: 0}
    - target: {fileID: 4623010730371528099, guid: c656200cb2464d34fb95ffe0243c5beb,
        type: 3}
      propertyPath: m_LocalEulerAnglesHint.z
      value: 0
      objectReference: {fileID: 0}
    - target: {fileID: 5571085186069724491, guid: c656200cb2464d34fb95ffe0243c5beb,
        type: 3}
      propertyPath: m_LocalPosition.z
      value: 0.48
      objectReference: {fileID: 0}
    - target: {fileID: 5571085186069724491, guid: c656200cb2464d34fb95ffe0243c5beb,
        type: 3}
      propertyPath: m_LocalPosition.x
      value: 1.677
      objectReference: {fileID: 0}
    m_RemovedComponents: []
  m_SourcePrefab: {fileID: 100100000, guid: c656200cb2464d34fb95ffe0243c5beb, type: 3}
--- !u!4 &8285364698117494126 stripped
Transform:
  m_CorrespondingSourceObject: {fileID: 4623010730371528099, guid: c656200cb2464d34fb95ffe0243c5beb,
    type: 3}
  m_PrefabInstance: {fileID: 3662478216050237645}
  m_PrefabAsset: {fileID: 0}
--- !u!1001 &6999740184292008369
PrefabInstance:
  m_ObjectHideFlags: 0
  serializedVersion: 2
  m_Modification:
    m_TransformParent: {fileID: 6999740185962134950}
    m_Modifications:
    - target: {fileID: 142812, guid: 358c1d1e340669c449c6309a689a8f7d, type: 3}
      propertyPath: m_Name
      value: fe_vil_cc_fortspike03
      objectReference: {fileID: 0}
    - target: {fileID: 443668, guid: 358c1d1e340669c449c6309a689a8f7d, type: 3}
      propertyPath: m_LocalPosition.x
      value: 15.693
      objectReference: {fileID: 0}
    - target: {fileID: 443668, guid: 358c1d1e340669c449c6309a689a8f7d, type: 3}
      propertyPath: m_LocalPosition.y
      value: 0
      objectReference: {fileID: 0}
    - target: {fileID: 443668, guid: 358c1d1e340669c449c6309a689a8f7d, type: 3}
      propertyPath: m_LocalPosition.z
      value: 4.767
      objectReference: {fileID: 0}
    - target: {fileID: 443668, guid: 358c1d1e340669c449c6309a689a8f7d, type: 3}
      propertyPath: m_LocalRotation.x
      value: -0
      objectReference: {fileID: 0}
    - target: {fileID: 443668, guid: 358c1d1e340669c449c6309a689a8f7d, type: 3}
      propertyPath: m_LocalRotation.y
      value: 0.2962181
      objectReference: {fileID: 0}
    - target: {fileID: 443668, guid: 358c1d1e340669c449c6309a689a8f7d, type: 3}
      propertyPath: m_LocalRotation.z
      value: -0
      objectReference: {fileID: 0}
    - target: {fileID: 443668, guid: 358c1d1e340669c449c6309a689a8f7d, type: 3}
      propertyPath: m_LocalRotation.w
      value: 0.9551203
      objectReference: {fileID: 0}
    - target: {fileID: 443668, guid: 358c1d1e340669c449c6309a689a8f7d, type: 3}
      propertyPath: m_RootOrder
      value: 10
      objectReference: {fileID: 0}
    - target: {fileID: 443668, guid: 358c1d1e340669c449c6309a689a8f7d, type: 3}
      propertyPath: m_LocalEulerAnglesHint.x
      value: 0
      objectReference: {fileID: 0}
    - target: {fileID: 443668, guid: 358c1d1e340669c449c6309a689a8f7d, type: 3}
      propertyPath: m_LocalEulerAnglesHint.y
      value: 34.461002
      objectReference: {fileID: 0}
    - target: {fileID: 443668, guid: 358c1d1e340669c449c6309a689a8f7d, type: 3}
      propertyPath: m_LocalEulerAnglesHint.z
      value: 0
      objectReference: {fileID: 0}
    m_RemovedComponents: []
  m_SourcePrefab: {fileID: 100100000, guid: 358c1d1e340669c449c6309a689a8f7d, type: 3}
--- !u!4 &6999740184292385957 stripped
Transform:
  m_CorrespondingSourceObject: {fileID: 443668, guid: 358c1d1e340669c449c6309a689a8f7d,
    type: 3}
  m_PrefabInstance: {fileID: 6999740184292008369}
  m_PrefabAsset: {fileID: 0}
--- !u!1001 &6999740185083544335
PrefabInstance:
  m_ObjectHideFlags: 0
  serializedVersion: 2
  m_Modification:
    m_TransformParent: {fileID: 6999740185115826601}
    m_Modifications:
    - target: {fileID: 181086, guid: 6513116a02c93da45ab0184c44c50537, type: 3}
      propertyPath: m_Name
      value: fe_vil_WTower_ladder02c
      objectReference: {fileID: 0}
    - target: {fileID: 429500, guid: 6513116a02c93da45ab0184c44c50537, type: 3}
      propertyPath: m_LocalPosition.x
      value: -2.1409998
      objectReference: {fileID: 0}
    - target: {fileID: 429500, guid: 6513116a02c93da45ab0184c44c50537, type: 3}
      propertyPath: m_LocalPosition.y
      value: 0
      objectReference: {fileID: 0}
    - target: {fileID: 429500, guid: 6513116a02c93da45ab0184c44c50537, type: 3}
      propertyPath: m_LocalPosition.z
      value: 0.07999992
      objectReference: {fileID: 0}
    - target: {fileID: 429500, guid: 6513116a02c93da45ab0184c44c50537, type: 3}
      propertyPath: m_LocalRotation.x
      value: 0.11420127
      objectReference: {fileID: 0}
    - target: {fileID: 429500, guid: 6513116a02c93da45ab0184c44c50537, type: 3}
      propertyPath: m_LocalRotation.y
      value: 0.9934577
      objectReference: {fileID: 0}
    - target: {fileID: 429500, guid: 6513116a02c93da45ab0184c44c50537, type: 3}
      propertyPath: m_LocalRotation.z
      value: 0.0000069338366
      objectReference: {fileID: 0}
    - target: {fileID: 429500, guid: 6513116a02c93da45ab0184c44c50537, type: 3}
      propertyPath: m_LocalRotation.w
      value: 0.00009208053
      objectReference: {fileID: 0}
    - target: {fileID: 429500, guid: 6513116a02c93da45ab0184c44c50537, type: 3}
      propertyPath: m_RootOrder
      value: 0
      objectReference: {fileID: 0}
    - target: {fileID: 429500, guid: 6513116a02c93da45ab0184c44c50537, type: 3}
      propertyPath: m_LocalEulerAnglesHint.x
      value: 0
      objectReference: {fileID: 0}
    - target: {fileID: 429500, guid: 6513116a02c93da45ab0184c44c50537, type: 3}
      propertyPath: m_LocalEulerAnglesHint.y
      value: 179.98901
      objectReference: {fileID: 0}
    - target: {fileID: 429500, guid: 6513116a02c93da45ab0184c44c50537, type: 3}
      propertyPath: m_LocalEulerAnglesHint.z
      value: 13.115001
      objectReference: {fileID: 0}
    m_RemovedComponents: []
  m_SourcePrefab: {fileID: 100100000, guid: 6513116a02c93da45ab0184c44c50537, type: 3}
--- !u!1001 &6999740185084583414
PrefabInstance:
  m_ObjectHideFlags: 0
  serializedVersion: 2
  m_Modification:
    m_TransformParent: {fileID: 6999740184281388290}
    m_Modifications:
    - target: {fileID: 1253423177518248510, guid: 37ca76dcd08cf8947b28d36c1da23627,
        type: 3}
      propertyPath: m_LocalPosition.x
      value: 0.705
      objectReference: {fileID: 0}
    - target: {fileID: 1253423177518248510, guid: 37ca76dcd08cf8947b28d36c1da23627,
        type: 3}
      propertyPath: m_LocalPosition.z
      value: -1.962
      objectReference: {fileID: 0}
    - target: {fileID: 3819459927642781285, guid: 37ca76dcd08cf8947b28d36c1da23627,
        type: 3}
      propertyPath: m_LocalPosition.x
      value: -1.26
      objectReference: {fileID: 0}
    - target: {fileID: 3819459927642781285, guid: 37ca76dcd08cf8947b28d36c1da23627,
        type: 3}
      propertyPath: m_LocalPosition.y
      value: 0.375
      objectReference: {fileID: 0}
    - target: {fileID: 3819459927642781285, guid: 37ca76dcd08cf8947b28d36c1da23627,
        type: 3}
      propertyPath: m_LocalPosition.z
      value: -2.74
      objectReference: {fileID: 0}
    - target: {fileID: 3819459927642781285, guid: 37ca76dcd08cf8947b28d36c1da23627,
        type: 3}
      propertyPath: m_LocalRotation.x
      value: -0
      objectReference: {fileID: 0}
    - target: {fileID: 3819459927642781285, guid: 37ca76dcd08cf8947b28d36c1da23627,
        type: 3}
      propertyPath: m_LocalRotation.y
      value: 0.71753204
      objectReference: {fileID: 0}
    - target: {fileID: 3819459927642781285, guid: 37ca76dcd08cf8947b28d36c1da23627,
        type: 3}
      propertyPath: m_LocalRotation.z
      value: -0
      objectReference: {fileID: 0}
    - target: {fileID: 3819459927642781285, guid: 37ca76dcd08cf8947b28d36c1da23627,
        type: 3}
      propertyPath: m_LocalRotation.w
      value: 0.6965255
      objectReference: {fileID: 0}
    - target: {fileID: 3819459927642781285, guid: 37ca76dcd08cf8947b28d36c1da23627,
        type: 3}
      propertyPath: m_RootOrder
      value: 1
      objectReference: {fileID: 0}
    - target: {fileID: 3819459927642781285, guid: 37ca76dcd08cf8947b28d36c1da23627,
        type: 3}
      propertyPath: m_LocalEulerAnglesHint.x
      value: 0
      objectReference: {fileID: 0}
    - target: {fileID: 3819459927642781285, guid: 37ca76dcd08cf8947b28d36c1da23627,
        type: 3}
      propertyPath: m_LocalEulerAnglesHint.y
      value: 91.702
      objectReference: {fileID: 0}
    - target: {fileID: 3819459927642781285, guid: 37ca76dcd08cf8947b28d36c1da23627,
        type: 3}
      propertyPath: m_LocalEulerAnglesHint.z
      value: 0
      objectReference: {fileID: 0}
    - target: {fileID: 3819459927642781306, guid: 37ca76dcd08cf8947b28d36c1da23627,
        type: 3}
      propertyPath: m_Name
      value: POI_BullA_15b_lit
      objectReference: {fileID: 0}
    m_RemovedComponents: []
  m_SourcePrefab: {fileID: 100100000, guid: 37ca76dcd08cf8947b28d36c1da23627, type: 3}
--- !u!4 &6063358086285028243 stripped
Transform:
  m_CorrespondingSourceObject: {fileID: 3819459927642781285, guid: 37ca76dcd08cf8947b28d36c1da23627,
    type: 3}
  m_PrefabInstance: {fileID: 6999740185084583414}
  m_PrefabAsset: {fileID: 0}
--- !u!4 &8088780635972796667 stripped
Transform:
  m_CorrespondingSourceObject: {fileID: 1253423178484145421, guid: 37ca76dcd08cf8947b28d36c1da23627,
    type: 3}
  m_PrefabInstance: {fileID: 6999740185084583414}
  m_PrefabAsset: {fileID: 0}
--- !u!1001 &6999740185115993985
PrefabInstance:
  m_ObjectHideFlags: 0
  serializedVersion: 2
  m_Modification:
    m_TransformParent: {fileID: 6999740185962134950}
    m_Modifications:
    - target: {fileID: 148628, guid: fd714c897f8985043b771e3c3d5707e5, type: 3}
      propertyPath: m_Name
      value: fe_vil_WTower_02_ultra
      objectReference: {fileID: 0}
    - target: {fileID: 441896, guid: fd714c897f8985043b771e3c3d5707e5, type: 3}
      propertyPath: m_LocalPosition.x
      value: 10.79
      objectReference: {fileID: 0}
    - target: {fileID: 441896, guid: fd714c897f8985043b771e3c3d5707e5, type: 3}
      propertyPath: m_LocalPosition.y
      value: 0
      objectReference: {fileID: 0}
    - target: {fileID: 441896, guid: fd714c897f8985043b771e3c3d5707e5, type: 3}
      propertyPath: m_LocalPosition.z
      value: 10.603
      objectReference: {fileID: 0}
    - target: {fileID: 441896, guid: fd714c897f8985043b771e3c3d5707e5, type: 3}
      propertyPath: m_LocalRotation.x
      value: -0
      objectReference: {fileID: 0}
    - target: {fileID: 441896, guid: fd714c897f8985043b771e3c3d5707e5, type: 3}
      propertyPath: m_LocalRotation.y
      value: -0
      objectReference: {fileID: 0}
    - target: {fileID: 441896, guid: fd714c897f8985043b771e3c3d5707e5, type: 3}
      propertyPath: m_LocalRotation.z
      value: -0
      objectReference: {fileID: 0}
    - target: {fileID: 441896, guid: fd714c897f8985043b771e3c3d5707e5, type: 3}
      propertyPath: m_LocalRotation.w
      value: 1
      objectReference: {fileID: 0}
    - target: {fileID: 441896, guid: fd714c897f8985043b771e3c3d5707e5, type: 3}
      propertyPath: m_RootOrder
      value: 6
      objectReference: {fileID: 0}
    - target: {fileID: 441896, guid: fd714c897f8985043b771e3c3d5707e5, type: 3}
      propertyPath: m_LocalEulerAnglesHint.x
      value: 0
      objectReference: {fileID: 0}
    - target: {fileID: 441896, guid: fd714c897f8985043b771e3c3d5707e5, type: 3}
      propertyPath: m_LocalEulerAnglesHint.y
      value: 0
      objectReference: {fileID: 0}
    - target: {fileID: 441896, guid: fd714c897f8985043b771e3c3d5707e5, type: 3}
      propertyPath: m_LocalEulerAnglesHint.z
      value: 0
      objectReference: {fileID: 0}
    m_RemovedComponents: []
  m_SourcePrefab: {fileID: 100100000, guid: fd714c897f8985043b771e3c3d5707e5, type: 3}
--- !u!4 &6999740185115826601 stripped
Transform:
  m_CorrespondingSourceObject: {fileID: 441896, guid: fd714c897f8985043b771e3c3d5707e5,
    type: 3}
  m_PrefabInstance: {fileID: 6999740185115993985}
  m_PrefabAsset: {fileID: 0}
--- !u!1001 &6999740185282186662
PrefabInstance:
  m_ObjectHideFlags: 0
  serializedVersion: 2
  m_Modification:
    m_TransformParent: {fileID: 6999740184597650288}
    m_Modifications:
    - target: {fileID: 7330535669394418579, guid: c9c245be3dacb944894988bf40417aa6,
        type: 3}
      propertyPath: m_LocalPosition.x
      value: 3.71
      objectReference: {fileID: 0}
    - target: {fileID: 7330535669394418579, guid: c9c245be3dacb944894988bf40417aa6,
        type: 3}
      propertyPath: m_LocalPosition.y
      value: 0
      objectReference: {fileID: 0}
    - target: {fileID: 7330535669394418579, guid: c9c245be3dacb944894988bf40417aa6,
        type: 3}
      propertyPath: m_LocalPosition.z
      value: 12.52
      objectReference: {fileID: 0}
    - target: {fileID: 7330535669394418579, guid: c9c245be3dacb944894988bf40417aa6,
        type: 3}
      propertyPath: m_LocalRotation.x
      value: -0
      objectReference: {fileID: 0}
    - target: {fileID: 7330535669394418579, guid: c9c245be3dacb944894988bf40417aa6,
        type: 3}
      propertyPath: m_LocalRotation.y
      value: 0.7071068
      objectReference: {fileID: 0}
    - target: {fileID: 7330535669394418579, guid: c9c245be3dacb944894988bf40417aa6,
        type: 3}
      propertyPath: m_LocalRotation.z
      value: -0
      objectReference: {fileID: 0}
    - target: {fileID: 7330535669394418579, guid: c9c245be3dacb944894988bf40417aa6,
        type: 3}
      propertyPath: m_LocalRotation.w
      value: 0.7071068
      objectReference: {fileID: 0}
    - target: {fileID: 7330535669394418579, guid: c9c245be3dacb944894988bf40417aa6,
        type: 3}
      propertyPath: m_RootOrder
      value: 1
      objectReference: {fileID: 0}
    - target: {fileID: 7330535669394418579, guid: c9c245be3dacb944894988bf40417aa6,
        type: 3}
      propertyPath: m_LocalEulerAnglesHint.x
      value: 0
      objectReference: {fileID: 0}
    - target: {fileID: 7330535669394418579, guid: c9c245be3dacb944894988bf40417aa6,
        type: 3}
      propertyPath: m_LocalEulerAnglesHint.y
      value: 90
      objectReference: {fileID: 0}
    - target: {fileID: 7330535669394418579, guid: c9c245be3dacb944894988bf40417aa6,
        type: 3}
      propertyPath: m_LocalEulerAnglesHint.z
      value: 0
      objectReference: {fileID: 0}
    - target: {fileID: 7518481933379017664, guid: c9c245be3dacb944894988bf40417aa6,
        type: 3}
      propertyPath: m_Name
      value: Armorer02_w
      objectReference: {fileID: 0}
    m_RemovedComponents: []
  m_SourcePrefab: {fileID: 100100000, guid: c9c245be3dacb944894988bf40417aa6, type: 3}
--- !u!4 &333083606606947893 stripped
Transform:
  m_CorrespondingSourceObject: {fileID: 7330535669394418579, guid: c9c245be3dacb944894988bf40417aa6,
    type: 3}
  m_PrefabInstance: {fileID: 6999740185282186662}
  m_PrefabAsset: {fileID: 0}
--- !u!1001 &6999740185458588764
PrefabInstance:
  m_ObjectHideFlags: 0
  serializedVersion: 2
  m_Modification:
    m_TransformParent: {fileID: 6999740184281388290}
    m_Modifications:
    - target: {fileID: 3855341811716028064, guid: bfa48946fb20803409de12f1d874cf39,
        type: 3}
      propertyPath: m_Name
      value: WallsSet01B
      objectReference: {fileID: 0}
    - target: {fileID: 3855341811716028065, guid: bfa48946fb20803409de12f1d874cf39,
        type: 3}
      propertyPath: m_LocalPosition.x
      value: 0
      objectReference: {fileID: 0}
    - target: {fileID: 3855341811716028065, guid: bfa48946fb20803409de12f1d874cf39,
        type: 3}
      propertyPath: m_LocalPosition.y
      value: 0
      objectReference: {fileID: 0}
    - target: {fileID: 3855341811716028065, guid: bfa48946fb20803409de12f1d874cf39,
        type: 3}
      propertyPath: m_LocalPosition.z
      value: 0
      objectReference: {fileID: 0}
    - target: {fileID: 3855341811716028065, guid: bfa48946fb20803409de12f1d874cf39,
        type: 3}
      propertyPath: m_LocalRotation.x
      value: -0
      objectReference: {fileID: 0}
    - target: {fileID: 3855341811716028065, guid: bfa48946fb20803409de12f1d874cf39,
        type: 3}
      propertyPath: m_LocalRotation.y
      value: -0
      objectReference: {fileID: 0}
    - target: {fileID: 3855341811716028065, guid: bfa48946fb20803409de12f1d874cf39,
        type: 3}
      propertyPath: m_LocalRotation.z
      value: -0
      objectReference: {fileID: 0}
    - target: {fileID: 3855341811716028065, guid: bfa48946fb20803409de12f1d874cf39,
        type: 3}
      propertyPath: m_LocalRotation.w
      value: 1
      objectReference: {fileID: 0}
    - target: {fileID: 3855341811716028065, guid: bfa48946fb20803409de12f1d874cf39,
        type: 3}
      propertyPath: m_RootOrder
      value: 0
      objectReference: {fileID: 0}
    - target: {fileID: 3855341811716028065, guid: bfa48946fb20803409de12f1d874cf39,
        type: 3}
      propertyPath: m_LocalEulerAnglesHint.x
      value: 0
      objectReference: {fileID: 0}
    - target: {fileID: 3855341811716028065, guid: bfa48946fb20803409de12f1d874cf39,
        type: 3}
      propertyPath: m_LocalEulerAnglesHint.y
      value: 0
      objectReference: {fileID: 0}
    - target: {fileID: 3855341811716028065, guid: bfa48946fb20803409de12f1d874cf39,
        type: 3}
      propertyPath: m_LocalEulerAnglesHint.z
      value: 0
      objectReference: {fileID: 0}
    m_RemovedComponents: []
  m_SourcePrefab: {fileID: 100100000, guid: bfa48946fb20803409de12f1d874cf39, type: 3}
--- !u!4 &6099279549357509373 stripped
Transform:
  m_CorrespondingSourceObject: {fileID: 3855341811716028065, guid: bfa48946fb20803409de12f1d874cf39,
    type: 3}
  m_PrefabInstance: {fileID: 6999740185458588764}
  m_PrefabAsset: {fileID: 0}
--- !u!1001 &6999740185817771426
PrefabInstance:
  m_ObjectHideFlags: 0
  serializedVersion: 2
  m_Modification:
    m_TransformParent: {fileID: 6999740185962134950}
    m_Modifications:
    - target: {fileID: 100024, guid: 3137156d35c0a7e40813805aff458953, type: 3}
      propertyPath: m_Name
      value: fi_vil_brazier_large01_lit
      objectReference: {fileID: 0}
    - target: {fileID: 400024, guid: 3137156d35c0a7e40813805aff458953, type: 3}
      propertyPath: m_LocalPosition.x
      value: 11.358
      objectReference: {fileID: 0}
    - target: {fileID: 400024, guid: 3137156d35c0a7e40813805aff458953, type: 3}
      propertyPath: m_LocalPosition.y
      value: 0
      objectReference: {fileID: 0}
    - target: {fileID: 400024, guid: 3137156d35c0a7e40813805aff458953, type: 3}
      propertyPath: m_LocalPosition.z
      value: 2.356
      objectReference: {fileID: 0}
    - target: {fileID: 400024, guid: 3137156d35c0a7e40813805aff458953, type: 3}
      propertyPath: m_LocalRotation.x
      value: -0
      objectReference: {fileID: 0}
    - target: {fileID: 400024, guid: 3137156d35c0a7e40813805aff458953, type: 3}
      propertyPath: m_LocalRotation.y
      value: -0
      objectReference: {fileID: 0}
    - target: {fileID: 400024, guid: 3137156d35c0a7e40813805aff458953, type: 3}
      propertyPath: m_LocalRotation.z
      value: -0
      objectReference: {fileID: 0}
    - target: {fileID: 400024, guid: 3137156d35c0a7e40813805aff458953, type: 3}
      propertyPath: m_LocalRotation.w
      value: 1
      objectReference: {fileID: 0}
    - target: {fileID: 400024, guid: 3137156d35c0a7e40813805aff458953, type: 3}
      propertyPath: m_RootOrder
      value: 0
      objectReference: {fileID: 0}
    - target: {fileID: 400024, guid: 3137156d35c0a7e40813805aff458953, type: 3}
      propertyPath: m_LocalEulerAnglesHint.x
      value: 0
      objectReference: {fileID: 0}
    - target: {fileID: 400024, guid: 3137156d35c0a7e40813805aff458953, type: 3}
      propertyPath: m_LocalEulerAnglesHint.y
      value: 0
      objectReference: {fileID: 0}
    - target: {fileID: 400024, guid: 3137156d35c0a7e40813805aff458953, type: 3}
      propertyPath: m_LocalEulerAnglesHint.z
      value: 0
      objectReference: {fileID: 0}
    - target: {fileID: 400026, guid: 3137156d35c0a7e40813805aff458953, type: 3}
      propertyPath: m_LocalPosition.y
      value: 0.55
      objectReference: {fileID: 0}
    m_RemovedComponents: []
  m_SourcePrefab: {fileID: 100100000, guid: 3137156d35c0a7e40813805aff458953, type: 3}
--- !u!4 &6999740185818167098 stripped
Transform:
  m_CorrespondingSourceObject: {fileID: 400024, guid: 3137156d35c0a7e40813805aff458953,
    type: 3}
  m_PrefabInstance: {fileID: 6999740185817771426}
  m_PrefabAsset: {fileID: 0}
--- !u!1001 &6999740185896770335
PrefabInstance:
  m_ObjectHideFlags: 0
  serializedVersion: 2
  m_Modification:
    m_TransformParent: {fileID: 6999740185962134950}
    m_Modifications:
    - target: {fileID: 100624, guid: c11c6ee699820684b9cc71c5b6c81353, type: 3}
      propertyPath: m_Name
      value: fe_vil_cc_fortspike04
      objectReference: {fileID: 0}
    - target: {fileID: 495776, guid: c11c6ee699820684b9cc71c5b6c81353, type: 3}
      propertyPath: m_LocalPosition.x
      value: 15.149
      objectReference: {fileID: 0}
    - target: {fileID: 495776, guid: c11c6ee699820684b9cc71c5b6c81353, type: 3}
      propertyPath: m_LocalPosition.y
      value: 0
      objectReference: {fileID: 0}
    - target: {fileID: 495776, guid: c11c6ee699820684b9cc71c5b6c81353, type: 3}
      propertyPath: m_LocalPosition.z
      value: 9.024
      objectReference: {fileID: 0}
    - target: {fileID: 495776, guid: c11c6ee699820684b9cc71c5b6c81353, type: 3}
      propertyPath: m_LocalRotation.x
      value: -0
      objectReference: {fileID: 0}
    - target: {fileID: 495776, guid: c11c6ee699820684b9cc71c5b6c81353, type: 3}
      propertyPath: m_LocalRotation.y
      value: -0.22297175
      objectReference: {fileID: 0}
    - target: {fileID: 495776, guid: c11c6ee699820684b9cc71c5b6c81353, type: 3}
      propertyPath: m_LocalRotation.z
      value: -0
      objectReference: {fileID: 0}
    - target: {fileID: 495776, guid: c11c6ee699820684b9cc71c5b6c81353, type: 3}
      propertyPath: m_LocalRotation.w
      value: 0.9748249
      objectReference: {fileID: 0}
    - target: {fileID: 495776, guid: c11c6ee699820684b9cc71c5b6c81353, type: 3}
      propertyPath: m_RootOrder
      value: 8
      objectReference: {fileID: 0}
    - target: {fileID: 495776, guid: c11c6ee699820684b9cc71c5b6c81353, type: 3}
      propertyPath: m_LocalEulerAnglesHint.x
      value: 0
      objectReference: {fileID: 0}
    - target: {fileID: 495776, guid: c11c6ee699820684b9cc71c5b6c81353, type: 3}
      propertyPath: m_LocalEulerAnglesHint.y
      value: -25.767002
      objectReference: {fileID: 0}
    - target: {fileID: 495776, guid: c11c6ee699820684b9cc71c5b6c81353, type: 3}
      propertyPath: m_LocalEulerAnglesHint.z
      value: 0
      objectReference: {fileID: 0}
    m_RemovedComponents: []
  m_SourcePrefab: {fileID: 100100000, guid: c11c6ee699820684b9cc71c5b6c81353, type: 3}
--- !u!4 &6999740185896340415 stripped
Transform:
  m_CorrespondingSourceObject: {fileID: 495776, guid: c11c6ee699820684b9cc71c5b6c81353,
    type: 3}
  m_PrefabInstance: {fileID: 6999740185896770335}
  m_PrefabAsset: {fileID: 0}
--- !u!1001 &7670659460852744060
PrefabInstance:
  m_ObjectHideFlags: 0
  serializedVersion: 2
  m_Modification:
    m_TransformParent: {fileID: 6999740184597650288}
    m_Modifications:
    - target: {fileID: 4631778245861643145, guid: 770755065ad770d4787597e165ee4c2d,
        type: 3}
      propertyPath: m_Name
      value: Fishmonger02_w
      objectReference: {fileID: 0}
    - target: {fileID: 4631778245861643146, guid: 770755065ad770d4787597e165ee4c2d,
        type: 3}
      propertyPath: m_LocalPosition.x
      value: -3.7
      objectReference: {fileID: 0}
    - target: {fileID: 4631778245861643146, guid: 770755065ad770d4787597e165ee4c2d,
        type: 3}
      propertyPath: m_LocalPosition.y
      value: 0
      objectReference: {fileID: 0}
    - target: {fileID: 4631778245861643146, guid: 770755065ad770d4787597e165ee4c2d,
        type: 3}
      propertyPath: m_LocalPosition.z
      value: -12.48
      objectReference: {fileID: 0}
    - target: {fileID: 4631778245861643146, guid: 770755065ad770d4787597e165ee4c2d,
        type: 3}
      propertyPath: m_LocalRotation.x
      value: -0
      objectReference: {fileID: 0}
    - target: {fileID: 4631778245861643146, guid: 770755065ad770d4787597e165ee4c2d,
        type: 3}
      propertyPath: m_LocalRotation.y
      value: -0.70710576
      objectReference: {fileID: 0}
    - target: {fileID: 4631778245861643146, guid: 770755065ad770d4787597e165ee4c2d,
        type: 3}
      propertyPath: m_LocalRotation.z
      value: -0
      objectReference: {fileID: 0}
    - target: {fileID: 4631778245861643146, guid: 770755065ad770d4787597e165ee4c2d,
        type: 3}
      propertyPath: m_LocalRotation.w
      value: 0.70710784
      objectReference: {fileID: 0}
    - target: {fileID: 4631778245861643146, guid: 770755065ad770d4787597e165ee4c2d,
        type: 3}
      propertyPath: m_RootOrder
      value: 5
      objectReference: {fileID: 0}
    - target: {fileID: 4631778245861643146, guid: 770755065ad770d4787597e165ee4c2d,
        type: 3}
      propertyPath: m_LocalEulerAnglesHint.x
      value: 0
      objectReference: {fileID: 0}
    - target: {fileID: 4631778245861643146, guid: 770755065ad770d4787597e165ee4c2d,
        type: 3}
      propertyPath: m_LocalEulerAnglesHint.y
      value: -90.00001
      objectReference: {fileID: 0}
    - target: {fileID: 4631778245861643146, guid: 770755065ad770d4787597e165ee4c2d,
        type: 3}
      propertyPath: m_LocalEulerAnglesHint.z
      value: 0
      objectReference: {fileID: 0}
    m_RemovedComponents: []
  m_SourcePrefab: {fileID: 100100000, guid: 770755065ad770d4787597e165ee4c2d, type: 3}
--- !u!4 &3041277636919356662 stripped
Transform:
  m_CorrespondingSourceObject: {fileID: 4631778245861643146, guid: 770755065ad770d4787597e165ee4c2d,
    type: 3}
  m_PrefabInstance: {fileID: 7670659460852744060}
  m_PrefabAsset: {fileID: 0}
--- !u!1001 &7670659460964667897
PrefabInstance:
  m_ObjectHideFlags: 0
  serializedVersion: 2
  m_Modification:
    m_TransformParent: {fileID: 6999740184597650288}
    m_Modifications:
    - target: {fileID: 659015977967342542, guid: ced70ddc6ff0ef4428478a484ab65cbd,
        type: 3}
      propertyPath: m_LocalPosition.x
      value: 12.425
      objectReference: {fileID: 0}
    - target: {fileID: 659015977967342542, guid: ced70ddc6ff0ef4428478a484ab65cbd,
        type: 3}
      propertyPath: m_LocalPosition.y
      value: 0.0023839474
      objectReference: {fileID: 0}
    - target: {fileID: 659015977967342542, guid: ced70ddc6ff0ef4428478a484ab65cbd,
        type: 3}
      propertyPath: m_LocalPosition.z
      value: 6.34
      objectReference: {fileID: 0}
    - target: {fileID: 659015977967342542, guid: ced70ddc6ff0ef4428478a484ab65cbd,
        type: 3}
      propertyPath: m_LocalRotation.x
      value: -0
      objectReference: {fileID: 0}
    - target: {fileID: 659015977967342542, guid: ced70ddc6ff0ef4428478a484ab65cbd,
        type: 3}
      propertyPath: m_LocalRotation.y
      value: 1
      objectReference: {fileID: 0}
    - target: {fileID: 659015977967342542, guid: ced70ddc6ff0ef4428478a484ab65cbd,
        type: 3}
      propertyPath: m_LocalRotation.z
      value: -0
      objectReference: {fileID: 0}
    - target: {fileID: 659015977967342542, guid: ced70ddc6ff0ef4428478a484ab65cbd,
        type: 3}
      propertyPath: m_LocalRotation.w
      value: 0.0000029504295
      objectReference: {fileID: 0}
    - target: {fileID: 659015977967342542, guid: ced70ddc6ff0ef4428478a484ab65cbd,
        type: 3}
      propertyPath: m_RootOrder
      value: 3
      objectReference: {fileID: 0}
    - target: {fileID: 659015977967342542, guid: ced70ddc6ff0ef4428478a484ab65cbd,
        type: 3}
      propertyPath: m_LocalEulerAnglesHint.x
      value: 0
      objectReference: {fileID: 0}
    - target: {fileID: 659015977967342542, guid: ced70ddc6ff0ef4428478a484ab65cbd,
        type: 3}
      propertyPath: m_LocalEulerAnglesHint.y
      value: 180.00002
      objectReference: {fileID: 0}
    - target: {fileID: 659015977967342542, guid: ced70ddc6ff0ef4428478a484ab65cbd,
        type: 3}
      propertyPath: m_LocalEulerAnglesHint.z
      value: 0
      objectReference: {fileID: 0}
    - target: {fileID: 659015977967342543, guid: ced70ddc6ff0ef4428478a484ab65cbd,
        type: 3}
      propertyPath: m_Name
      value: Sholar02_w
      objectReference: {fileID: 0}
    m_RemovedComponents: []
  m_SourcePrefab: {fileID: 100100000, guid: ced70ddc6ff0ef4428478a484ab65cbd, type: 3}
--- !u!4 &7158158976495190583 stripped
Transform:
  m_CorrespondingSourceObject: {fileID: 659015977967342542, guid: ced70ddc6ff0ef4428478a484ab65cbd,
    type: 3}
  m_PrefabInstance: {fileID: 7670659460964667897}
  m_PrefabAsset: {fileID: 0}
--- !u!1001 &7670659461164441253
PrefabInstance:
  m_ObjectHideFlags: 0
  serializedVersion: 2
  m_Modification:
    m_TransformParent: {fileID: 6999740184597650288}
    m_Modifications:
    - target: {fileID: 4219427316479568464, guid: 56d1569315bee2248916a1f5a89a8f84,
        type: 3}
      propertyPath: m_Name
      value: Blacksmith01
      objectReference: {fileID: 0}
    - target: {fileID: 4219427316479568465, guid: 56d1569315bee2248916a1f5a89a8f84,
        type: 3}
      propertyPath: m_LocalPosition.x
      value: -3.507573
      objectReference: {fileID: 0}
    - target: {fileID: 4219427316479568465, guid: 56d1569315bee2248916a1f5a89a8f84,
        type: 3}
      propertyPath: m_LocalPosition.y
      value: 0.0023756027
      objectReference: {fileID: 0}
    - target: {fileID: 4219427316479568465, guid: 56d1569315bee2248916a1f5a89a8f84,
        type: 3}
      propertyPath: m_LocalPosition.z
      value: 10.828
      objectReference: {fileID: 0}
    - target: {fileID: 4219427316479568465, guid: 56d1569315bee2248916a1f5a89a8f84,
        type: 3}
      propertyPath: m_LocalRotation.x
      value: -0
      objectReference: {fileID: 0}
    - target: {fileID: 4219427316479568465, guid: 56d1569315bee2248916a1f5a89a8f84,
        type: 3}
      propertyPath: m_LocalRotation.y
      value: 1
      objectReference: {fileID: 0}
    - target: {fileID: 4219427316479568465, guid: 56d1569315bee2248916a1f5a89a8f84,
        type: 3}
      propertyPath: m_LocalRotation.z
      value: -0
      objectReference: {fileID: 0}
    - target: {fileID: 4219427316479568465, guid: 56d1569315bee2248916a1f5a89a8f84,
        type: 3}
      propertyPath: m_LocalRotation.w
      value: 0.0000029504295
      objectReference: {fileID: 0}
    - target: {fileID: 4219427316479568465, guid: 56d1569315bee2248916a1f5a89a8f84,
        type: 3}
      propertyPath: m_RootOrder
      value: 7
      objectReference: {fileID: 0}
    - target: {fileID: 4219427316479568465, guid: 56d1569315bee2248916a1f5a89a8f84,
        type: 3}
      propertyPath: m_LocalEulerAnglesHint.x
      value: 0
      objectReference: {fileID: 0}
    - target: {fileID: 4219427316479568465, guid: 56d1569315bee2248916a1f5a89a8f84,
        type: 3}
      propertyPath: m_LocalEulerAnglesHint.y
      value: 180.00002
      objectReference: {fileID: 0}
    - target: {fileID: 4219427316479568465, guid: 56d1569315bee2248916a1f5a89a8f84,
        type: 3}
      propertyPath: m_LocalEulerAnglesHint.z
      value: 0
      objectReference: {fileID: 0}
    m_RemovedComponents: []
  m_SourcePrefab: {fileID: 100100000, guid: 56d1569315bee2248916a1f5a89a8f84, type: 3}
--- !u!4 &5836035004130014452 stripped
Transform:
  m_CorrespondingSourceObject: {fileID: 4219427316479568465, guid: 56d1569315bee2248916a1f5a89a8f84,
    type: 3}
  m_PrefabInstance: {fileID: 7670659461164441253}
  m_PrefabAsset: {fileID: 0}
--- !u!1001 &7670659461358674967
PrefabInstance:
  m_ObjectHideFlags: 0
  serializedVersion: 2
  m_Modification:
    m_TransformParent: {fileID: 6999740184597650288}
    m_Modifications:
    - target: {fileID: 759991815108964464, guid: c0b68faeacdc44847bf1123975cfdead,
        type: 3}
      propertyPath: m_Name
      value: Potter06_w
      objectReference: {fileID: 0}
    - target: {fileID: 759991815108964467, guid: c0b68faeacdc44847bf1123975cfdead,
        type: 3}
      propertyPath: m_LocalPosition.x
      value: -12.48
      objectReference: {fileID: 0}
    - target: {fileID: 759991815108964467, guid: c0b68faeacdc44847bf1123975cfdead,
        type: 3}
      propertyPath: m_LocalPosition.y
      value: 0
      objectReference: {fileID: 0}
    - target: {fileID: 759991815108964467, guid: c0b68faeacdc44847bf1123975cfdead,
        type: 3}
      propertyPath: m_LocalPosition.z
      value: 6.4
      objectReference: {fileID: 0}
    - target: {fileID: 759991815108964467, guid: c0b68faeacdc44847bf1123975cfdead,
        type: 3}
      propertyPath: m_LocalRotation.x
      value: -0
      objectReference: {fileID: 0}
    - target: {fileID: 759991815108964467, guid: c0b68faeacdc44847bf1123975cfdead,
        type: 3}
      propertyPath: m_LocalRotation.y
      value: -0
      objectReference: {fileID: 0}
    - target: {fileID: 759991815108964467, guid: c0b68faeacdc44847bf1123975cfdead,
        type: 3}
      propertyPath: m_LocalRotation.z
      value: -0
      objectReference: {fileID: 0}
    - target: {fileID: 759991815108964467, guid: c0b68faeacdc44847bf1123975cfdead,
        type: 3}
      propertyPath: m_LocalRotation.w
      value: 1
      objectReference: {fileID: 0}
    - target: {fileID: 759991815108964467, guid: c0b68faeacdc44847bf1123975cfdead,
        type: 3}
      propertyPath: m_RootOrder
      value: 4
      objectReference: {fileID: 0}
    - target: {fileID: 759991815108964467, guid: c0b68faeacdc44847bf1123975cfdead,
        type: 3}
      propertyPath: m_LocalEulerAnglesHint.x
      value: 0
      objectReference: {fileID: 0}
    - target: {fileID: 759991815108964467, guid: c0b68faeacdc44847bf1123975cfdead,
        type: 3}
      propertyPath: m_LocalEulerAnglesHint.y
      value: 0
      objectReference: {fileID: 0}
    - target: {fileID: 759991815108964467, guid: c0b68faeacdc44847bf1123975cfdead,
        type: 3}
      propertyPath: m_LocalEulerAnglesHint.z
      value: 0
      objectReference: {fileID: 0}
    m_RemovedComponents: []
  m_SourcePrefab: {fileID: 100100000, guid: c0b68faeacdc44847bf1123975cfdead, type: 3}
--- !u!4 &6989481776569898084 stripped
Transform:
  m_CorrespondingSourceObject: {fileID: 759991815108964467, guid: c0b68faeacdc44847bf1123975cfdead,
    type: 3}
  m_PrefabInstance: {fileID: 7670659461358674967}
  m_PrefabAsset: {fileID: 0}
--- !u!1001 &7670659461651083364
PrefabInstance:
  m_ObjectHideFlags: 0
  serializedVersion: 2
  m_Modification:
    m_TransformParent: {fileID: 6999740184597650288}
    m_Modifications:
    - target: {fileID: 5249851079936510158, guid: f27ca0d352c221f4e9bc4ba551a5ece9,
        type: 3}
      propertyPath: m_Name
      value: StableSet01A
      objectReference: {fileID: 0}
    - target: {fileID: 5263887352995829067, guid: f27ca0d352c221f4e9bc4ba551a5ece9,
        type: 3}
      propertyPath: m_LocalPosition.x
      value: 9.64
      objectReference: {fileID: 0}
    - target: {fileID: 5263887352995829067, guid: f27ca0d352c221f4e9bc4ba551a5ece9,
        type: 3}
      propertyPath: m_LocalPosition.y
      value: 0.03185606
      objectReference: {fileID: 0}
    - target: {fileID: 5263887352995829067, guid: f27ca0d352c221f4e9bc4ba551a5ece9,
        type: 3}
      propertyPath: m_LocalPosition.z
      value: -4.61
      objectReference: {fileID: 0}
    - target: {fileID: 5263887352995829067, guid: f27ca0d352c221f4e9bc4ba551a5ece9,
        type: 3}
      propertyPath: m_LocalRotation.x
      value: -0
      objectReference: {fileID: 0}
    - target: {fileID: 5263887352995829067, guid: f27ca0d352c221f4e9bc4ba551a5ece9,
        type: 3}
      propertyPath: m_LocalRotation.y
      value: 1
      objectReference: {fileID: 0}
    - target: {fileID: 5263887352995829067, guid: f27ca0d352c221f4e9bc4ba551a5ece9,
        type: 3}
      propertyPath: m_LocalRotation.z
      value: -0
      objectReference: {fileID: 0}
    - target: {fileID: 5263887352995829067, guid: f27ca0d352c221f4e9bc4ba551a5ece9,
        type: 3}
      propertyPath: m_LocalRotation.w
      value: 0.0000029504295
      objectReference: {fileID: 0}
    - target: {fileID: 5263887352995829067, guid: f27ca0d352c221f4e9bc4ba551a5ece9,
        type: 3}
      propertyPath: m_RootOrder
      value: 2
      objectReference: {fileID: 0}
    - target: {fileID: 5263887352995829067, guid: f27ca0d352c221f4e9bc4ba551a5ece9,
        type: 3}
      propertyPath: m_LocalEulerAnglesHint.x
      value: 0
      objectReference: {fileID: 0}
    - target: {fileID: 5263887352995829067, guid: f27ca0d352c221f4e9bc4ba551a5ece9,
        type: 3}
      propertyPath: m_LocalEulerAnglesHint.y
      value: 180.00002
      objectReference: {fileID: 0}
    - target: {fileID: 5263887352995829067, guid: f27ca0d352c221f4e9bc4ba551a5ece9,
        type: 3}
      propertyPath: m_LocalEulerAnglesHint.z
      value: 0
      objectReference: {fileID: 0}
    m_RemovedComponents: []
  m_SourcePrefab: {fileID: 100100000, guid: f27ca0d352c221f4e9bc4ba551a5ece9, type: 3}
--- !u!4 &2557690043901633839 stripped
Transform:
  m_CorrespondingSourceObject: {fileID: 5263887352995829067, guid: f27ca0d352c221f4e9bc4ba551a5ece9,
    type: 3}
  m_PrefabInstance: {fileID: 7670659461651083364}
  m_PrefabAsset: {fileID: 0}
--- !u!1001 &7670659462838431424
PrefabInstance:
  m_ObjectHideFlags: 0
  serializedVersion: 2
  m_Modification:
    m_TransformParent: {fileID: 6999740184597650288}
    m_Modifications:
    - target: {fileID: 5395934692583028556, guid: c414ab0c58ba94c4cbf91987a8651e85,
        type: 3}
      propertyPath: m_LocalPosition.x
      value: -12.527
      objectReference: {fileID: 0}
    - target: {fileID: 5395934692583028556, guid: c414ab0c58ba94c4cbf91987a8651e85,
        type: 3}
      propertyPath: m_LocalPosition.y
      value: 0
      objectReference: {fileID: 0}
    - target: {fileID: 5395934692583028556, guid: c414ab0c58ba94c4cbf91987a8651e85,
        type: 3}
      propertyPath: m_LocalPosition.z
      value: -5.792
      objectReference: {fileID: 0}
    - target: {fileID: 5395934692583028556, guid: c414ab0c58ba94c4cbf91987a8651e85,
        type: 3}
      propertyPath: m_LocalRotation.x
      value: -0
      objectReference: {fileID: 0}
    - target: {fileID: 5395934692583028556, guid: c414ab0c58ba94c4cbf91987a8651e85,
        type: 3}
      propertyPath: m_LocalRotation.y
      value: -0
      objectReference: {fileID: 0}
    - target: {fileID: 5395934692583028556, guid: c414ab0c58ba94c4cbf91987a8651e85,
        type: 3}
      propertyPath: m_LocalRotation.z
      value: -0
      objectReference: {fileID: 0}
    - target: {fileID: 5395934692583028556, guid: c414ab0c58ba94c4cbf91987a8651e85,
        type: 3}
      propertyPath: m_LocalRotation.w
      value: 1
      objectReference: {fileID: 0}
    - target: {fileID: 5395934692583028556, guid: c414ab0c58ba94c4cbf91987a8651e85,
        type: 3}
      propertyPath: m_RootOrder
      value: 6
      objectReference: {fileID: 0}
    - target: {fileID: 5395934692583028556, guid: c414ab0c58ba94c4cbf91987a8651e85,
        type: 3}
      propertyPath: m_LocalEulerAnglesHint.x
      value: 0
      objectReference: {fileID: 0}
    - target: {fileID: 5395934692583028556, guid: c414ab0c58ba94c4cbf91987a8651e85,
        type: 3}
      propertyPath: m_LocalEulerAnglesHint.y
      value: 0
      objectReference: {fileID: 0}
    - target: {fileID: 5395934692583028556, guid: c414ab0c58ba94c4cbf91987a8651e85,
        type: 3}
      propertyPath: m_LocalEulerAnglesHint.z
      value: 0
      objectReference: {fileID: 0}
    - target: {fileID: 5395934692583028559, guid: c414ab0c58ba94c4cbf91987a8651e85,
        type: 3}
      propertyPath: m_Name
      value: Cartographer02_w
      objectReference: {fileID: 0}
    m_RemovedComponents: []
  m_SourcePrefab: {fileID: 100100000, guid: c414ab0c58ba94c4cbf91987a8651e85, type: 3}
--- !u!4 &2346830742956743052 stripped
Transform:
  m_CorrespondingSourceObject: {fileID: 5395934692583028556, guid: c414ab0c58ba94c4cbf91987a8651e85,
    type: 3}
  m_PrefabInstance: {fileID: 7670659462838431424}
  m_PrefabAsset: {fileID: 0}
--- !u!1001 &7898741431573833726
PrefabInstance:
  m_ObjectHideFlags: 0
  serializedVersion: 2
  m_Modification:
    m_TransformParent: {fileID: 6999740185962134950}
    m_Modifications:
    - target: {fileID: 100024, guid: 3137156d35c0a7e40813805aff458953, type: 3}
      propertyPath: m_Name
      value: fi_vil_brazier_large01_lit
      objectReference: {fileID: 0}
    - target: {fileID: 400024, guid: 3137156d35c0a7e40813805aff458953, type: 3}
      propertyPath: m_LocalPosition.x
      value: 11.409676
      objectReference: {fileID: 0}
    - target: {fileID: 400024, guid: 3137156d35c0a7e40813805aff458953, type: 3}
      propertyPath: m_LocalPosition.y
      value: 0
      objectReference: {fileID: 0}
    - target: {fileID: 400024, guid: 3137156d35c0a7e40813805aff458953, type: 3}
      propertyPath: m_LocalPosition.z
      value: -2.2890658
      objectReference: {fileID: 0}
    - target: {fileID: 400024, guid: 3137156d35c0a7e40813805aff458953, type: 3}
      propertyPath: m_LocalRotation.x
      value: -0
      objectReference: {fileID: 0}
    - target: {fileID: 400024, guid: 3137156d35c0a7e40813805aff458953, type: 3}
      propertyPath: m_LocalRotation.y
      value: -0
      objectReference: {fileID: 0}
    - target: {fileID: 400024, guid: 3137156d35c0a7e40813805aff458953, type: 3}
      propertyPath: m_LocalRotation.z
      value: -0
      objectReference: {fileID: 0}
    - target: {fileID: 400024, guid: 3137156d35c0a7e40813805aff458953, type: 3}
      propertyPath: m_LocalRotation.w
      value: 1
      objectReference: {fileID: 0}
    - target: {fileID: 400024, guid: 3137156d35c0a7e40813805aff458953, type: 3}
      propertyPath: m_RootOrder
      value: 5
      objectReference: {fileID: 0}
    - target: {fileID: 400024, guid: 3137156d35c0a7e40813805aff458953, type: 3}
      propertyPath: m_LocalEulerAnglesHint.x
      value: 0
      objectReference: {fileID: 0}
    - target: {fileID: 400024, guid: 3137156d35c0a7e40813805aff458953, type: 3}
      propertyPath: m_LocalEulerAnglesHint.y
      value: 0
      objectReference: {fileID: 0}
    - target: {fileID: 400024, guid: 3137156d35c0a7e40813805aff458953, type: 3}
      propertyPath: m_LocalEulerAnglesHint.z
      value: 0
      objectReference: {fileID: 0}
    - target: {fileID: 400026, guid: 3137156d35c0a7e40813805aff458953, type: 3}
      propertyPath: m_LocalPosition.y
      value: 0.55
      objectReference: {fileID: 0}
    m_RemovedComponents: []
  m_SourcePrefab: {fileID: 100100000, guid: 3137156d35c0a7e40813805aff458953, type: 3}
--- !u!4 &7898741431573445990 stripped
Transform:
  m_CorrespondingSourceObject: {fileID: 400024, guid: 3137156d35c0a7e40813805aff458953,
    type: 3}
  m_PrefabInstance: {fileID: 7898741431573833726}
  m_PrefabAsset: {fileID: 0}
--- !u!1001 &7898741431583094557
PrefabInstance:
  m_ObjectHideFlags: 0
  serializedVersion: 2
  m_Modification:
    m_TransformParent: {fileID: 6999740185962134950}
    m_Modifications:
    - target: {fileID: 100624, guid: c11c6ee699820684b9cc71c5b6c81353, type: 3}
      propertyPath: m_Name
      value: fe_vil_cc_fortspike04
      objectReference: {fileID: 0}
    - target: {fileID: 495776, guid: c11c6ee699820684b9cc71c5b6c81353, type: 3}
      propertyPath: m_LocalPosition.x
      value: -15.852
      objectReference: {fileID: 0}
    - target: {fileID: 495776, guid: c11c6ee699820684b9cc71c5b6c81353, type: 3}
      propertyPath: m_LocalPosition.y
      value: 0
      objectReference: {fileID: 0}
    - target: {fileID: 495776, guid: c11c6ee699820684b9cc71c5b6c81353, type: 3}
      propertyPath: m_LocalPosition.z
      value: 9.023
      objectReference: {fileID: 0}
    - target: {fileID: 495776, guid: c11c6ee699820684b9cc71c5b6c81353, type: 3}
      propertyPath: m_LocalRotation.x
      value: -0
      objectReference: {fileID: 0}
    - target: {fileID: 495776, guid: c11c6ee699820684b9cc71c5b6c81353, type: 3}
      propertyPath: m_LocalRotation.y
      value: 0.9839752
      objectReference: {fileID: 0}
    - target: {fileID: 495776, guid: c11c6ee699820684b9cc71c5b6c81353, type: 3}
      propertyPath: m_LocalRotation.z
      value: -0
      objectReference: {fileID: 0}
    - target: {fileID: 495776, guid: c11c6ee699820684b9cc71c5b6c81353, type: 3}
      propertyPath: m_LocalRotation.w
      value: -0.17830585
      objectReference: {fileID: 0}
    - target: {fileID: 495776, guid: c11c6ee699820684b9cc71c5b6c81353, type: 3}
      propertyPath: m_RootOrder
      value: 13
      objectReference: {fileID: 0}
    - target: {fileID: 495776, guid: c11c6ee699820684b9cc71c5b6c81353, type: 3}
      propertyPath: m_LocalEulerAnglesHint.x
      value: 0
      objectReference: {fileID: 0}
    - target: {fileID: 495776, guid: c11c6ee699820684b9cc71c5b6c81353, type: 3}
      propertyPath: m_LocalEulerAnglesHint.y
      value: 200.54199
      objectReference: {fileID: 0}
    - target: {fileID: 495776, guid: c11c6ee699820684b9cc71c5b6c81353, type: 3}
      propertyPath: m_LocalEulerAnglesHint.z
      value: 0
      objectReference: {fileID: 0}
    m_RemovedComponents: []
  m_SourcePrefab: {fileID: 100100000, guid: c11c6ee699820684b9cc71c5b6c81353, type: 3}
--- !u!4 &7898741431583123389 stripped
Transform:
  m_CorrespondingSourceObject: {fileID: 495776, guid: c11c6ee699820684b9cc71c5b6c81353,
    type: 3}
  m_PrefabInstance: {fileID: 7898741431583094557}
  m_PrefabAsset: {fileID: 0}
--- !u!1001 &7898741431683969822
PrefabInstance:
  m_ObjectHideFlags: 0
  serializedVersion: 2
  m_Modification:
    m_TransformParent: {fileID: 6999740185962134950}
    m_Modifications:
    - target: {fileID: 148628, guid: fd714c897f8985043b771e3c3d5707e5, type: 3}
      propertyPath: m_Name
      value: fe_vil_WTower_02_ultra
      objectReference: {fileID: 0}
    - target: {fileID: 441896, guid: fd714c897f8985043b771e3c3d5707e5, type: 3}
      propertyPath: m_LocalPosition.x
      value: -10.89
      objectReference: {fileID: 0}
    - target: {fileID: 441896, guid: fd714c897f8985043b771e3c3d5707e5, type: 3}
      propertyPath: m_LocalPosition.y
      value: 0
      objectReference: {fileID: 0}
    - target: {fileID: 441896, guid: fd714c897f8985043b771e3c3d5707e5, type: 3}
      propertyPath: m_LocalPosition.z
      value: 10.779
      objectReference: {fileID: 0}
    - target: {fileID: 441896, guid: fd714c897f8985043b771e3c3d5707e5, type: 3}
      propertyPath: m_LocalRotation.x
      value: -0
      objectReference: {fileID: 0}
    - target: {fileID: 441896, guid: fd714c897f8985043b771e3c3d5707e5, type: 3}
      propertyPath: m_LocalRotation.y
      value: 1
      objectReference: {fileID: 0}
    - target: {fileID: 441896, guid: fd714c897f8985043b771e3c3d5707e5, type: 3}
      propertyPath: m_LocalRotation.z
      value: -0
      objectReference: {fileID: 0}
    - target: {fileID: 441896, guid: fd714c897f8985043b771e3c3d5707e5, type: 3}
      propertyPath: m_LocalRotation.w
      value: 0.0000029504295
      objectReference: {fileID: 0}
    - target: {fileID: 441896, guid: fd714c897f8985043b771e3c3d5707e5, type: 3}
      propertyPath: m_RootOrder
      value: 7
      objectReference: {fileID: 0}
    - target: {fileID: 441896, guid: fd714c897f8985043b771e3c3d5707e5, type: 3}
      propertyPath: m_LocalEulerAnglesHint.x
      value: 0
      objectReference: {fileID: 0}
    - target: {fileID: 441896, guid: fd714c897f8985043b771e3c3d5707e5, type: 3}
      propertyPath: m_LocalEulerAnglesHint.y
      value: 180.00002
      objectReference: {fileID: 0}
    - target: {fileID: 441896, guid: fd714c897f8985043b771e3c3d5707e5, type: 3}
      propertyPath: m_LocalEulerAnglesHint.z
      value: 0
      objectReference: {fileID: 0}
    m_RemovedComponents: []
  m_SourcePrefab: {fileID: 100100000, guid: fd714c897f8985043b771e3c3d5707e5, type: 3}
--- !u!4 &7898741431683534134 stripped
Transform:
  m_CorrespondingSourceObject: {fileID: 441896, guid: fd714c897f8985043b771e3c3d5707e5,
    type: 3}
  m_PrefabInstance: {fileID: 7898741431683969822}
  m_PrefabAsset: {fileID: 0}
--- !u!1001 &7898741431723613717
PrefabInstance:
  m_ObjectHideFlags: 0
  serializedVersion: 2
  m_Modification:
    m_TransformParent: {fileID: 7898741431683534134}
    m_Modifications:
    - target: {fileID: 181086, guid: 6513116a02c93da45ab0184c44c50537, type: 3}
      propertyPath: m_Name
      value: fe_vil_WTower_ladder02c
      objectReference: {fileID: 0}
    - target: {fileID: 429500, guid: 6513116a02c93da45ab0184c44c50537, type: 3}
      propertyPath: m_LocalPosition.x
      value: -2.1409998
      objectReference: {fileID: 0}
    - target: {fileID: 429500, guid: 6513116a02c93da45ab0184c44c50537, type: 3}
      propertyPath: m_LocalPosition.y
      value: 0
      objectReference: {fileID: 0}
    - target: {fileID: 429500, guid: 6513116a02c93da45ab0184c44c50537, type: 3}
      propertyPath: m_LocalPosition.z
      value: 0.07999992
      objectReference: {fileID: 0}
    - target: {fileID: 429500, guid: 6513116a02c93da45ab0184c44c50537, type: 3}
      propertyPath: m_LocalRotation.x
      value: 0.11420127
      objectReference: {fileID: 0}
    - target: {fileID: 429500, guid: 6513116a02c93da45ab0184c44c50537, type: 3}
      propertyPath: m_LocalRotation.y
      value: 0.9934577
      objectReference: {fileID: 0}
    - target: {fileID: 429500, guid: 6513116a02c93da45ab0184c44c50537, type: 3}
      propertyPath: m_LocalRotation.z
      value: 0.0000069338366
      objectReference: {fileID: 0}
    - target: {fileID: 429500, guid: 6513116a02c93da45ab0184c44c50537, type: 3}
      propertyPath: m_LocalRotation.w
      value: 0.00009208053
      objectReference: {fileID: 0}
    - target: {fileID: 429500, guid: 6513116a02c93da45ab0184c44c50537, type: 3}
      propertyPath: m_RootOrder
      value: 0
      objectReference: {fileID: 0}
    - target: {fileID: 429500, guid: 6513116a02c93da45ab0184c44c50537, type: 3}
      propertyPath: m_LocalEulerAnglesHint.x
      value: 0
      objectReference: {fileID: 0}
    - target: {fileID: 429500, guid: 6513116a02c93da45ab0184c44c50537, type: 3}
      propertyPath: m_LocalEulerAnglesHint.y
      value: 179.98901
      objectReference: {fileID: 0}
    - target: {fileID: 429500, guid: 6513116a02c93da45ab0184c44c50537, type: 3}
      propertyPath: m_LocalEulerAnglesHint.z
      value: 13.115001
      objectReference: {fileID: 0}
    m_RemovedComponents: []
  m_SourcePrefab: {fileID: 100100000, guid: 6513116a02c93da45ab0184c44c50537, type: 3}
--- !u!1001 &7898741431827383572
PrefabInstance:
  m_ObjectHideFlags: 0
  serializedVersion: 2
  m_Modification:
    m_TransformParent: {fileID: 6999740185962134950}
    m_Modifications:
    - target: {fileID: 100024, guid: 3137156d35c0a7e40813805aff458953, type: 3}
      propertyPath: m_Name
      value: fi_vil_brazier_large01_lit
      objectReference: {fileID: 0}
    - target: {fileID: 400024, guid: 3137156d35c0a7e40813805aff458953, type: 3}
      propertyPath: m_LocalPosition.x
      value: 6.66
      objectReference: {fileID: 0}
    - target: {fileID: 400024, guid: 3137156d35c0a7e40813805aff458953, type: 3}
      propertyPath: m_LocalPosition.y
      value: 0
      objectReference: {fileID: 0}
    - target: {fileID: 400024, guid: 3137156d35c0a7e40813805aff458953, type: 3}
      propertyPath: m_LocalPosition.z
      value: -6.23
      objectReference: {fileID: 0}
    - target: {fileID: 400024, guid: 3137156d35c0a7e40813805aff458953, type: 3}
      propertyPath: m_LocalRotation.x
      value: -0
      objectReference: {fileID: 0}
    - target: {fileID: 400024, guid: 3137156d35c0a7e40813805aff458953, type: 3}
      propertyPath: m_LocalRotation.y
      value: -0
      objectReference: {fileID: 0}
    - target: {fileID: 400024, guid: 3137156d35c0a7e40813805aff458953, type: 3}
      propertyPath: m_LocalRotation.z
      value: -0
      objectReference: {fileID: 0}
    - target: {fileID: 400024, guid: 3137156d35c0a7e40813805aff458953, type: 3}
      propertyPath: m_LocalRotation.w
      value: 1
      objectReference: {fileID: 0}
    - target: {fileID: 400024, guid: 3137156d35c0a7e40813805aff458953, type: 3}
      propertyPath: m_RootOrder
      value: 4
      objectReference: {fileID: 0}
    - target: {fileID: 400024, guid: 3137156d35c0a7e40813805aff458953, type: 3}
      propertyPath: m_LocalEulerAnglesHint.x
      value: 0
      objectReference: {fileID: 0}
    - target: {fileID: 400024, guid: 3137156d35c0a7e40813805aff458953, type: 3}
      propertyPath: m_LocalEulerAnglesHint.y
      value: 0
      objectReference: {fileID: 0}
    - target: {fileID: 400024, guid: 3137156d35c0a7e40813805aff458953, type: 3}
      propertyPath: m_LocalEulerAnglesHint.z
      value: 0
      objectReference: {fileID: 0}
    - target: {fileID: 400026, guid: 3137156d35c0a7e40813805aff458953, type: 3}
      propertyPath: m_LocalPosition.y
      value: 0.55
      objectReference: {fileID: 0}
    m_RemovedComponents: []
  m_SourcePrefab: {fileID: 100100000, guid: 3137156d35c0a7e40813805aff458953, type: 3}
--- !u!4 &7898741431827521420 stripped
Transform:
  m_CorrespondingSourceObject: {fileID: 400024, guid: 3137156d35c0a7e40813805aff458953,
    type: 3}
  m_PrefabInstance: {fileID: 7898741431827383572}
  m_PrefabAsset: {fileID: 0}
--- !u!1001 &7898741432036190782
PrefabInstance:
  m_ObjectHideFlags: 0
  serializedVersion: 2
  m_Modification:
    m_TransformParent: {fileID: 8088780635972796667}
    m_Modifications:
    - target: {fileID: 100008, guid: 26b2ac61f02d21d4b8e04e16b1d57a69, type: 3}
      propertyPath: m_Name
      value: fi_vil_brazier_small01_lit
      objectReference: {fileID: 0}
    - target: {fileID: 100008, guid: 26b2ac61f02d21d4b8e04e16b1d57a69, type: 3}
      propertyPath: m_IsActive
      value: 1
      objectReference: {fileID: 0}
    - target: {fileID: 400004, guid: 26b2ac61f02d21d4b8e04e16b1d57a69, type: 3}
      propertyPath: m_LocalPosition.y
      value: 0.193
      objectReference: {fileID: 0}
    - target: {fileID: 400008, guid: 26b2ac61f02d21d4b8e04e16b1d57a69, type: 3}
      propertyPath: m_LocalPosition.x
      value: -0.6899998
      objectReference: {fileID: 0}
    - target: {fileID: 400008, guid: 26b2ac61f02d21d4b8e04e16b1d57a69, type: 3}
      propertyPath: m_LocalPosition.y
      value: 0.375
      objectReference: {fileID: 0}
    - target: {fileID: 400008, guid: 26b2ac61f02d21d4b8e04e16b1d57a69, type: 3}
      propertyPath: m_LocalPosition.z
      value: 1.942
      objectReference: {fileID: 0}
    - target: {fileID: 400008, guid: 26b2ac61f02d21d4b8e04e16b1d57a69, type: 3}
      propertyPath: m_LocalRotation.x
      value: -0
      objectReference: {fileID: 0}
    - target: {fileID: 400008, guid: 26b2ac61f02d21d4b8e04e16b1d57a69, type: 3}
      propertyPath: m_LocalRotation.y
      value: 0.38268274
      objectReference: {fileID: 0}
    - target: {fileID: 400008, guid: 26b2ac61f02d21d4b8e04e16b1d57a69, type: 3}
      propertyPath: m_LocalRotation.z
      value: -0
      objectReference: {fileID: 0}
    - target: {fileID: 400008, guid: 26b2ac61f02d21d4b8e04e16b1d57a69, type: 3}
      propertyPath: m_LocalRotation.w
      value: 0.9238798
      objectReference: {fileID: 0}
    - target: {fileID: 400008, guid: 26b2ac61f02d21d4b8e04e16b1d57a69, type: 3}
      propertyPath: m_RootOrder
      value: 3
      objectReference: {fileID: 0}
    - target: {fileID: 400008, guid: 26b2ac61f02d21d4b8e04e16b1d57a69, type: 3}
      propertyPath: m_LocalEulerAnglesHint.x
      value: 0
      objectReference: {fileID: 0}
    - target: {fileID: 400008, guid: 26b2ac61f02d21d4b8e04e16b1d57a69, type: 3}
      propertyPath: m_LocalEulerAnglesHint.y
      value: 45.000004
      objectReference: {fileID: 0}
    - target: {fileID: 400008, guid: 26b2ac61f02d21d4b8e04e16b1d57a69, type: 3}
      propertyPath: m_LocalEulerAnglesHint.z
      value: 0
      objectReference: {fileID: 0}
    - target: {fileID: 10800000, guid: 26b2ac61f02d21d4b8e04e16b1d57a69, type: 3}
      propertyPath: m_Shadows.m_NormalBias
      value: 0.08
      objectReference: {fileID: 0}
    - target: {fileID: 10800000, guid: 26b2ac61f02d21d4b8e04e16b1d57a69, type: 3}
      propertyPath: m_Shadows.m_NearPlane
      value: 0.14
      objectReference: {fileID: 0}
    - target: {fileID: 10800000, guid: 26b2ac61f02d21d4b8e04e16b1d57a69, type: 3}
      propertyPath: m_Shadows.m_Bias
      value: 0
      objectReference: {fileID: 0}
    m_RemovedComponents: []
  m_SourcePrefab: {fileID: 100100000, guid: 26b2ac61f02d21d4b8e04e16b1d57a69, type: 3}
--- !u!1001 &7898741432212389991
PrefabInstance:
  m_ObjectHideFlags: 0
  serializedVersion: 2
  m_Modification:
    m_TransformParent: {fileID: 6999740185962134950}
    m_Modifications:
    - target: {fileID: 100024, guid: 3137156d35c0a7e40813805aff458953, type: 3}
      propertyPath: m_Name
      value: fi_vil_brazier_large01_lit
      objectReference: {fileID: 0}
    - target: {fileID: 400024, guid: 3137156d35c0a7e40813805aff458953, type: 3}
      propertyPath: m_LocalPosition.x
      value: 0.01
      objectReference: {fileID: 0}
    - target: {fileID: 400024, guid: 3137156d35c0a7e40813805aff458953, type: 3}
      propertyPath: m_LocalPosition.y
      value: 0
      objectReference: {fileID: 0}
    - target: {fileID: 400024, guid: 3137156d35c0a7e40813805aff458953, type: 3}
      propertyPath: m_LocalPosition.z
      value: 6.24
      objectReference: {fileID: 0}
    - target: {fileID: 400024, guid: 3137156d35c0a7e40813805aff458953, type: 3}
      propertyPath: m_LocalRotation.x
      value: -0
      objectReference: {fileID: 0}
    - target: {fileID: 400024, guid: 3137156d35c0a7e40813805aff458953, type: 3}
      propertyPath: m_LocalRotation.y
      value: -0
      objectReference: {fileID: 0}
    - target: {fileID: 400024, guid: 3137156d35c0a7e40813805aff458953, type: 3}
      propertyPath: m_LocalRotation.z
      value: -0
      objectReference: {fileID: 0}
    - target: {fileID: 400024, guid: 3137156d35c0a7e40813805aff458953, type: 3}
      propertyPath: m_LocalRotation.w
      value: 1
      objectReference: {fileID: 0}
    - target: {fileID: 400024, guid: 3137156d35c0a7e40813805aff458953, type: 3}
      propertyPath: m_RootOrder
      value: 3
      objectReference: {fileID: 0}
    - target: {fileID: 400024, guid: 3137156d35c0a7e40813805aff458953, type: 3}
      propertyPath: m_LocalEulerAnglesHint.x
      value: 0
      objectReference: {fileID: 0}
    - target: {fileID: 400024, guid: 3137156d35c0a7e40813805aff458953, type: 3}
      propertyPath: m_LocalEulerAnglesHint.y
      value: 0
      objectReference: {fileID: 0}
    - target: {fileID: 400024, guid: 3137156d35c0a7e40813805aff458953, type: 3}
      propertyPath: m_LocalEulerAnglesHint.z
      value: 0
      objectReference: {fileID: 0}
    - target: {fileID: 400026, guid: 3137156d35c0a7e40813805aff458953, type: 3}
      propertyPath: m_LocalPosition.y
      value: 0.55
      objectReference: {fileID: 0}
    m_RemovedComponents: []
  m_SourcePrefab: {fileID: 100100000, guid: 3137156d35c0a7e40813805aff458953, type: 3}
--- !u!4 &7898741432212003583 stripped
Transform:
  m_CorrespondingSourceObject: {fileID: 400024, guid: 3137156d35c0a7e40813805aff458953,
    type: 3}
  m_PrefabInstance: {fileID: 7898741432212389991}
  m_PrefabAsset: {fileID: 0}
--- !u!1001 &7898741432403877097
PrefabInstance:
  m_ObjectHideFlags: 0
  serializedVersion: 2
  m_Modification:
    m_TransformParent: {fileID: 6999740185962134950}
    m_Modifications:
    - target: {fileID: 142812, guid: 358c1d1e340669c449c6309a689a8f7d, type: 3}
      propertyPath: m_Name
      value: fe_vil_cc_fortspike03
      objectReference: {fileID: 0}
    - target: {fileID: 443668, guid: 358c1d1e340669c449c6309a689a8f7d, type: 3}
      propertyPath: m_LocalPosition.x
      value: -16.29
      objectReference: {fileID: 0}
    - target: {fileID: 443668, guid: 358c1d1e340669c449c6309a689a8f7d, type: 3}
      propertyPath: m_LocalPosition.y
      value: 0
      objectReference: {fileID: 0}
    - target: {fileID: 443668, guid: 358c1d1e340669c449c6309a689a8f7d, type: 3}
      propertyPath: m_LocalPosition.z
      value: -4.19
      objectReference: {fileID: 0}
    - target: {fileID: 443668, guid: 358c1d1e340669c449c6309a689a8f7d, type: 3}
      propertyPath: m_LocalRotation.x
      value: -0
      objectReference: {fileID: 0}
    - target: {fileID: 443668, guid: 358c1d1e340669c449c6309a689a8f7d, type: 3}
      propertyPath: m_LocalRotation.y
      value: 0.9232475
      objectReference: {fileID: 0}
    - target: {fileID: 443668, guid: 358c1d1e340669c449c6309a689a8f7d, type: 3}
      propertyPath: m_LocalRotation.z
      value: -0
      objectReference: {fileID: 0}
    - target: {fileID: 443668, guid: 358c1d1e340669c449c6309a689a8f7d, type: 3}
      propertyPath: m_LocalRotation.w
      value: -0.38420582
      objectReference: {fileID: 0}
    - target: {fileID: 443668, guid: 358c1d1e340669c449c6309a689a8f7d, type: 3}
      propertyPath: m_RootOrder
      value: 14
      objectReference: {fileID: 0}
    - target: {fileID: 443668, guid: 358c1d1e340669c449c6309a689a8f7d, type: 3}
      propertyPath: m_LocalEulerAnglesHint.x
      value: 0
      objectReference: {fileID: 0}
    - target: {fileID: 443668, guid: 358c1d1e340669c449c6309a689a8f7d, type: 3}
      propertyPath: m_LocalEulerAnglesHint.y
      value: 225.189
      objectReference: {fileID: 0}
    - target: {fileID: 443668, guid: 358c1d1e340669c449c6309a689a8f7d, type: 3}
      propertyPath: m_LocalEulerAnglesHint.z
      value: 0
      objectReference: {fileID: 0}
    m_RemovedComponents: []
  m_SourcePrefab: {fileID: 100100000, guid: 358c1d1e340669c449c6309a689a8f7d, type: 3}
--- !u!4 &7898741432403433981 stripped
Transform:
  m_CorrespondingSourceObject: {fileID: 443668, guid: 358c1d1e340669c449c6309a689a8f7d,
    type: 3}
  m_PrefabInstance: {fileID: 7898741432403877097}
  m_PrefabAsset: {fileID: 0}
--- !u!1001 &7898741432424530717
PrefabInstance:
  m_ObjectHideFlags: 0
  serializedVersion: 2
  m_Modification:
    m_TransformParent: {fileID: 6999740185962134950}
    m_Modifications:
    - target: {fileID: 100624, guid: c11c6ee699820684b9cc71c5b6c81353, type: 3}
      propertyPath: m_Name
      value: fe_vil_cc_fortspike04
      objectReference: {fileID: 0}
    - target: {fileID: 495776, guid: c11c6ee699820684b9cc71c5b6c81353, type: 3}
      propertyPath: m_LocalPosition.x
      value: -16.188
      objectReference: {fileID: 0}
    - target: {fileID: 495776, guid: c11c6ee699820684b9cc71c5b6c81353, type: 3}
      propertyPath: m_LocalPosition.y
      value: 0
      objectReference: {fileID: 0}
    - target: {fileID: 495776, guid: c11c6ee699820684b9cc71c5b6c81353, type: 3}
      propertyPath: m_LocalPosition.z
      value: -8.374
      objectReference: {fileID: 0}
    - target: {fileID: 495776, guid: c11c6ee699820684b9cc71c5b6c81353, type: 3}
      propertyPath: m_LocalRotation.x
      value: -0
      objectReference: {fileID: 0}
    - target: {fileID: 495776, guid: c11c6ee699820684b9cc71c5b6c81353, type: 3}
      propertyPath: m_LocalRotation.y
      value: 0.9761415
      objectReference: {fileID: 0}
    - target: {fileID: 495776, guid: c11c6ee699820684b9cc71c5b6c81353, type: 3}
      propertyPath: m_LocalRotation.z
      value: -0
      objectReference: {fileID: 0}
    - target: {fileID: 495776, guid: c11c6ee699820684b9cc71c5b6c81353, type: 3}
      propertyPath: m_LocalRotation.w
      value: 0.2171355
      objectReference: {fileID: 0}
    - target: {fileID: 495776, guid: c11c6ee699820684b9cc71c5b6c81353, type: 3}
      propertyPath: m_RootOrder
      value: 12
      objectReference: {fileID: 0}
    - target: {fileID: 495776, guid: c11c6ee699820684b9cc71c5b6c81353, type: 3}
      propertyPath: m_LocalEulerAnglesHint.x
      value: 0
      objectReference: {fileID: 0}
    - target: {fileID: 495776, guid: c11c6ee699820684b9cc71c5b6c81353, type: 3}
      propertyPath: m_LocalEulerAnglesHint.y
      value: 154.91801
      objectReference: {fileID: 0}
    - target: {fileID: 495776, guid: c11c6ee699820684b9cc71c5b6c81353, type: 3}
      propertyPath: m_LocalEulerAnglesHint.z
      value: 0
      objectReference: {fileID: 0}
    m_RemovedComponents: []
  m_SourcePrefab: {fileID: 100100000, guid: c11c6ee699820684b9cc71c5b6c81353, type: 3}
--- !u!4 &7898741432424633277 stripped
Transform:
  m_CorrespondingSourceObject: {fileID: 495776, guid: c11c6ee699820684b9cc71c5b6c81353,
    type: 3}
  m_PrefabInstance: {fileID: 7898741432424530717}
  m_PrefabAsset: {fileID: 0}
--- !u!1001 &7898741432494310389
PrefabInstance:
  m_ObjectHideFlags: 0
  serializedVersion: 2
  m_Modification:
    m_TransformParent: {fileID: 6999740185962134950}
    m_Modifications:
    - target: {fileID: 100624, guid: c11c6ee699820684b9cc71c5b6c81353, type: 3}
      propertyPath: m_Name
      value: fe_vil_cc_fortspike04
      objectReference: {fileID: 0}
    - target: {fileID: 495776, guid: c11c6ee699820684b9cc71c5b6c81353, type: 3}
      propertyPath: m_LocalPosition.x
      value: 16
      objectReference: {fileID: 0}
    - target: {fileID: 495776, guid: c11c6ee699820684b9cc71c5b6c81353, type: 3}
      propertyPath: m_LocalPosition.y
      value: 0
      objectReference: {fileID: 0}
    - target: {fileID: 495776, guid: c11c6ee699820684b9cc71c5b6c81353, type: 3}
      propertyPath: m_LocalPosition.z
      value: -8.61
      objectReference: {fileID: 0}
    - target: {fileID: 495776, guid: c11c6ee699820684b9cc71c5b6c81353, type: 3}
      propertyPath: m_LocalRotation.x
      value: -0
      objectReference: {fileID: 0}
    - target: {fileID: 495776, guid: c11c6ee699820684b9cc71c5b6c81353, type: 3}
      propertyPath: m_LocalRotation.y
      value: 0.24528527
      objectReference: {fileID: 0}
    - target: {fileID: 495776, guid: c11c6ee699820684b9cc71c5b6c81353, type: 3}
      propertyPath: m_LocalRotation.z
      value: -0
      objectReference: {fileID: 0}
    - target: {fileID: 495776, guid: c11c6ee699820684b9cc71c5b6c81353, type: 3}
      propertyPath: m_LocalRotation.w
      value: 0.96945095
      objectReference: {fileID: 0}
    - target: {fileID: 495776, guid: c11c6ee699820684b9cc71c5b6c81353, type: 3}
      propertyPath: m_RootOrder
      value: 9
      objectReference: {fileID: 0}
    - target: {fileID: 495776, guid: c11c6ee699820684b9cc71c5b6c81353, type: 3}
      propertyPath: m_LocalEulerAnglesHint.x
      value: 0
      objectReference: {fileID: 0}
    - target: {fileID: 495776, guid: c11c6ee699820684b9cc71c5b6c81353, type: 3}
      propertyPath: m_LocalEulerAnglesHint.y
      value: 28.397001
      objectReference: {fileID: 0}
    - target: {fileID: 495776, guid: c11c6ee699820684b9cc71c5b6c81353, type: 3}
      propertyPath: m_LocalEulerAnglesHint.z
      value: 0
      objectReference: {fileID: 0}
    m_RemovedComponents: []
  m_SourcePrefab: {fileID: 100100000, guid: c11c6ee699820684b9cc71c5b6c81353, type: 3}
--- !u!4 &7898741432494347093 stripped
Transform:
  m_CorrespondingSourceObject: {fileID: 495776, guid: c11c6ee699820684b9cc71c5b6c81353,
    type: 3}
  m_PrefabInstance: {fileID: 7898741432494310389}
  m_PrefabAsset: {fileID: 0}
--- !u!1001 &7898741432673826039
PrefabInstance:
  m_ObjectHideFlags: 0
  serializedVersion: 2
  m_Modification:
    m_TransformParent: {fileID: 6999740185962134950}
    m_Modifications:
    - target: {fileID: 142812, guid: 358c1d1e340669c449c6309a689a8f7d, type: 3}
      propertyPath: m_Name
      value: fe_vil_cc_fortspike03
      objectReference: {fileID: 0}
    - target: {fileID: 443668, guid: 358c1d1e340669c449c6309a689a8f7d, type: 3}
      propertyPath: m_LocalPosition.x
      value: -15.792
      objectReference: {fileID: 0}
    - target: {fileID: 443668, guid: 358c1d1e340669c449c6309a689a8f7d, type: 3}
      propertyPath: m_LocalPosition.y
      value: 0
      objectReference: {fileID: 0}
    - target: {fileID: 443668, guid: 358c1d1e340669c449c6309a689a8f7d, type: 3}
      propertyPath: m_LocalPosition.z
      value: 4.84
      objectReference: {fileID: 0}
    - target: {fileID: 443668, guid: 358c1d1e340669c449c6309a689a8f7d, type: 3}
      propertyPath: m_LocalRotation.x
      value: -0
      objectReference: {fileID: 0}
    - target: {fileID: 443668, guid: 358c1d1e340669c449c6309a689a8f7d, type: 3}
      propertyPath: m_LocalRotation.y
      value: 0.9097798
      objectReference: {fileID: 0}
    - target: {fileID: 443668, guid: 358c1d1e340669c449c6309a689a8f7d, type: 3}
      propertyPath: m_LocalRotation.z
      value: -0
      objectReference: {fileID: 0}
    - target: {fileID: 443668, guid: 358c1d1e340669c449c6309a689a8f7d, type: 3}
      propertyPath: m_LocalRotation.w
      value: 0.4150913
      objectReference: {fileID: 0}
    - target: {fileID: 443668, guid: 358c1d1e340669c449c6309a689a8f7d, type: 3}
      propertyPath: m_RootOrder
      value: 15
      objectReference: {fileID: 0}
    - target: {fileID: 443668, guid: 358c1d1e340669c449c6309a689a8f7d, type: 3}
      propertyPath: m_LocalEulerAnglesHint.x
      value: 0
      objectReference: {fileID: 0}
    - target: {fileID: 443668, guid: 358c1d1e340669c449c6309a689a8f7d, type: 3}
      propertyPath: m_LocalEulerAnglesHint.y
      value: 130.95001
      objectReference: {fileID: 0}
    - target: {fileID: 443668, guid: 358c1d1e340669c449c6309a689a8f7d, type: 3}
      propertyPath: m_LocalEulerAnglesHint.z
      value: 0
      objectReference: {fileID: 0}
    m_RemovedComponents: []
  m_SourcePrefab: {fileID: 100100000, guid: 358c1d1e340669c449c6309a689a8f7d, type: 3}
--- !u!4 &7898741432673382883 stripped
Transform:
  m_CorrespondingSourceObject: {fileID: 443668, guid: 358c1d1e340669c449c6309a689a8f7d,
    type: 3}
  m_PrefabInstance: {fileID: 7898741432673826039}
  m_PrefabAsset: {fileID: 0}
--- !u!1001 &7898741432820502518
PrefabInstance:
  m_ObjectHideFlags: 0
  serializedVersion: 2
  m_Modification:
    m_TransformParent: {fileID: 6999740185962134950}
    m_Modifications:
    - target: {fileID: 142812, guid: 358c1d1e340669c449c6309a689a8f7d, type: 3}
      propertyPath: m_Name
      value: fe_vil_cc_fortspike03
      objectReference: {fileID: 0}
    - target: {fileID: 443668, guid: 358c1d1e340669c449c6309a689a8f7d, type: 3}
      propertyPath: m_LocalPosition.x
      value: 16.24
      objectReference: {fileID: 0}
    - target: {fileID: 443668, guid: 358c1d1e340669c449c6309a689a8f7d, type: 3}
      propertyPath: m_LocalPosition.y
      value: 0
      objectReference: {fileID: 0}
    - target: {fileID: 443668, guid: 358c1d1e340669c449c6309a689a8f7d, type: 3}
      propertyPath: m_LocalPosition.z
      value: -4.44
      objectReference: {fileID: 0}
    - target: {fileID: 443668, guid: 358c1d1e340669c449c6309a689a8f7d, type: 3}
      propertyPath: m_LocalRotation.x
      value: -0
      objectReference: {fileID: 0}
    - target: {fileID: 443668, guid: 358c1d1e340669c449c6309a689a8f7d, type: 3}
      propertyPath: m_LocalRotation.y
      value: -0.4208106
      objectReference: {fileID: 0}
    - target: {fileID: 443668, guid: 358c1d1e340669c449c6309a689a8f7d, type: 3}
      propertyPath: m_LocalRotation.z
      value: -0
      objectReference: {fileID: 0}
    - target: {fileID: 443668, guid: 358c1d1e340669c449c6309a689a8f7d, type: 3}
      propertyPath: m_LocalRotation.w
      value: 0.90714854
      objectReference: {fileID: 0}
    - target: {fileID: 443668, guid: 358c1d1e340669c449c6309a689a8f7d, type: 3}
      propertyPath: m_RootOrder
      value: 11
      objectReference: {fileID: 0}
    - target: {fileID: 443668, guid: 358c1d1e340669c449c6309a689a8f7d, type: 3}
      propertyPath: m_LocalEulerAnglesHint.x
      value: 0
      objectReference: {fileID: 0}
    - target: {fileID: 443668, guid: 358c1d1e340669c449c6309a689a8f7d, type: 3}
      propertyPath: m_LocalEulerAnglesHint.y
      value: -49.772003
      objectReference: {fileID: 0}
    - target: {fileID: 443668, guid: 358c1d1e340669c449c6309a689a8f7d, type: 3}
      propertyPath: m_LocalEulerAnglesHint.z
      value: 0
      objectReference: {fileID: 0}
    m_RemovedComponents: []
  m_SourcePrefab: {fileID: 100100000, guid: 358c1d1e340669c449c6309a689a8f7d, type: 3}
--- !u!4 &7898741432820419298 stripped
Transform:
  m_CorrespondingSourceObject: {fileID: 443668, guid: 358c1d1e340669c449c6309a689a8f7d,
    type: 3}
  m_PrefabInstance: {fileID: 7898741432820502518}
  m_PrefabAsset: {fileID: 0}
--- !u!1001 &7898741432913953165
PrefabInstance:
  m_ObjectHideFlags: 0
  serializedVersion: 2
  m_Modification:
    m_TransformParent: {fileID: 6999740185962134950}
    m_Modifications:
    - target: {fileID: 100024, guid: 3137156d35c0a7e40813805aff458953, type: 3}
      propertyPath: m_Name
      value: fi_vil_brazier_large01_lit
      objectReference: {fileID: 0}
    - target: {fileID: 400024, guid: 3137156d35c0a7e40813805aff458953, type: 3}
      propertyPath: m_LocalPosition.x
      value: -11.37
      objectReference: {fileID: 0}
    - target: {fileID: 400024, guid: 3137156d35c0a7e40813805aff458953, type: 3}
      propertyPath: m_LocalPosition.y
      value: 0
      objectReference: {fileID: 0}
    - target: {fileID: 400024, guid: 3137156d35c0a7e40813805aff458953, type: 3}
      propertyPath: m_LocalPosition.z
      value: 2.58
      objectReference: {fileID: 0}
    - target: {fileID: 400024, guid: 3137156d35c0a7e40813805aff458953, type: 3}
      propertyPath: m_LocalRotation.x
      value: -0
      objectReference: {fileID: 0}
    - target: {fileID: 400024, guid: 3137156d35c0a7e40813805aff458953, type: 3}
      propertyPath: m_LocalRotation.y
      value: -0
      objectReference: {fileID: 0}
    - target: {fileID: 400024, guid: 3137156d35c0a7e40813805aff458953, type: 3}
      propertyPath: m_LocalRotation.z
      value: -0
      objectReference: {fileID: 0}
    - target: {fileID: 400024, guid: 3137156d35c0a7e40813805aff458953, type: 3}
      propertyPath: m_LocalRotation.w
      value: 1
      objectReference: {fileID: 0}
    - target: {fileID: 400024, guid: 3137156d35c0a7e40813805aff458953, type: 3}
      propertyPath: m_RootOrder
      value: 1
      objectReference: {fileID: 0}
    - target: {fileID: 400024, guid: 3137156d35c0a7e40813805aff458953, type: 3}
      propertyPath: m_LocalEulerAnglesHint.x
      value: 0
      objectReference: {fileID: 0}
    - target: {fileID: 400024, guid: 3137156d35c0a7e40813805aff458953, type: 3}
      propertyPath: m_LocalEulerAnglesHint.y
      value: 0
      objectReference: {fileID: 0}
    - target: {fileID: 400024, guid: 3137156d35c0a7e40813805aff458953, type: 3}
      propertyPath: m_LocalEulerAnglesHint.z
      value: 0
      objectReference: {fileID: 0}
    - target: {fileID: 400026, guid: 3137156d35c0a7e40813805aff458953, type: 3}
      propertyPath: m_LocalPosition.y
      value: 0.55
      objectReference: {fileID: 0}
    m_RemovedComponents: []
  m_SourcePrefab: {fileID: 100100000, guid: 3137156d35c0a7e40813805aff458953, type: 3}
--- !u!4 &7898741432913566485 stripped
Transform:
  m_CorrespondingSourceObject: {fileID: 400024, guid: 3137156d35c0a7e40813805aff458953,
    type: 3}
  m_PrefabInstance: {fileID: 7898741432913953165}
  m_PrefabAsset: {fileID: 0}
--- !u!1001 &7898741433116951079
PrefabInstance:
  m_ObjectHideFlags: 0
  serializedVersion: 2
  m_Modification:
    m_TransformParent: {fileID: 6999740185962134950}
    m_Modifications:
    - target: {fileID: 100024, guid: 3137156d35c0a7e40813805aff458953, type: 3}
      propertyPath: m_Name
      value: fi_vil_brazier_large01_lit
      objectReference: {fileID: 0}
    - target: {fileID: 400024, guid: 3137156d35c0a7e40813805aff458953, type: 3}
      propertyPath: m_LocalPosition.x
      value: -11.318325
      objectReference: {fileID: 0}
    - target: {fileID: 400024, guid: 3137156d35c0a7e40813805aff458953, type: 3}
      propertyPath: m_LocalPosition.y
      value: 0
      objectReference: {fileID: 0}
    - target: {fileID: 400024, guid: 3137156d35c0a7e40813805aff458953, type: 3}
      propertyPath: m_LocalPosition.z
      value: -2.354066
      objectReference: {fileID: 0}
    - target: {fileID: 400024, guid: 3137156d35c0a7e40813805aff458953, type: 3}
      propertyPath: m_LocalRotation.x
      value: -0
      objectReference: {fileID: 0}
    - target: {fileID: 400024, guid: 3137156d35c0a7e40813805aff458953, type: 3}
      propertyPath: m_LocalRotation.y
      value: -0
      objectReference: {fileID: 0}
    - target: {fileID: 400024, guid: 3137156d35c0a7e40813805aff458953, type: 3}
      propertyPath: m_LocalRotation.z
      value: -0
      objectReference: {fileID: 0}
    - target: {fileID: 400024, guid: 3137156d35c0a7e40813805aff458953, type: 3}
      propertyPath: m_LocalRotation.w
      value: 1
      objectReference: {fileID: 0}
    - target: {fileID: 400024, guid: 3137156d35c0a7e40813805aff458953, type: 3}
      propertyPath: m_RootOrder
      value: 2
      objectReference: {fileID: 0}
    - target: {fileID: 400024, guid: 3137156d35c0a7e40813805aff458953, type: 3}
      propertyPath: m_LocalEulerAnglesHint.x
      value: 0
      objectReference: {fileID: 0}
    - target: {fileID: 400024, guid: 3137156d35c0a7e40813805aff458953, type: 3}
      propertyPath: m_LocalEulerAnglesHint.y
      value: 0
      objectReference: {fileID: 0}
    - target: {fileID: 400024, guid: 3137156d35c0a7e40813805aff458953, type: 3}
      propertyPath: m_LocalEulerAnglesHint.z
      value: 0
      objectReference: {fileID: 0}
    - target: {fileID: 400026, guid: 3137156d35c0a7e40813805aff458953, type: 3}
      propertyPath: m_LocalPosition.y
      value: 0.55
      objectReference: {fileID: 0}
    m_RemovedComponents: []
  m_SourcePrefab: {fileID: 100100000, guid: 3137156d35c0a7e40813805aff458953, type: 3}
--- !u!4 &7898741433117350079 stripped
Transform:
  m_CorrespondingSourceObject: {fileID: 400024, guid: 3137156d35c0a7e40813805aff458953,
    type: 3}
  m_PrefabInstance: {fileID: 7898741433116951079}
  m_PrefabAsset: {fileID: 0}
--- !u!1001 &7898741433155224491
PrefabInstance:
  m_ObjectHideFlags: 0
  serializedVersion: 2
  m_Modification:
    m_TransformParent: {fileID: 8088780635972796667}
    m_Modifications:
    - target: {fileID: 100008, guid: 26b2ac61f02d21d4b8e04e16b1d57a69, type: 3}
      propertyPath: m_Name
      value: fi_vil_brazier_small01_lit
      objectReference: {fileID: 0}
    - target: {fileID: 100008, guid: 26b2ac61f02d21d4b8e04e16b1d57a69, type: 3}
      propertyPath: m_IsActive
      value: 1
      objectReference: {fileID: 0}
    - target: {fileID: 400004, guid: 26b2ac61f02d21d4b8e04e16b1d57a69, type: 3}
      propertyPath: m_LocalPosition.y
      value: 0.193
      objectReference: {fileID: 0}
    - target: {fileID: 400008, guid: 26b2ac61f02d21d4b8e04e16b1d57a69, type: 3}
      propertyPath: m_LocalPosition.x
      value: -0.69
      objectReference: {fileID: 0}
    - target: {fileID: 400008, guid: 26b2ac61f02d21d4b8e04e16b1d57a69, type: 3}
      propertyPath: m_LocalPosition.y
      value: 0.375
      objectReference: {fileID: 0}
    - target: {fileID: 400008, guid: 26b2ac61f02d21d4b8e04e16b1d57a69, type: 3}
      propertyPath: m_LocalPosition.z
      value: -1.98
      objectReference: {fileID: 0}
    - target: {fileID: 400008, guid: 26b2ac61f02d21d4b8e04e16b1d57a69, type: 3}
      propertyPath: m_LocalRotation.x
      value: -0
      objectReference: {fileID: 0}
    - target: {fileID: 400008, guid: 26b2ac61f02d21d4b8e04e16b1d57a69, type: 3}
      propertyPath: m_LocalRotation.y
      value: 0.38268274
      objectReference: {fileID: 0}
    - target: {fileID: 400008, guid: 26b2ac61f02d21d4b8e04e16b1d57a69, type: 3}
      propertyPath: m_LocalRotation.z
      value: -0
      objectReference: {fileID: 0}
    - target: {fileID: 400008, guid: 26b2ac61f02d21d4b8e04e16b1d57a69, type: 3}
      propertyPath: m_LocalRotation.w
      value: 0.9238798
      objectReference: {fileID: 0}
    - target: {fileID: 400008, guid: 26b2ac61f02d21d4b8e04e16b1d57a69, type: 3}
      propertyPath: m_RootOrder
      value: 4
      objectReference: {fileID: 0}
    - target: {fileID: 400008, guid: 26b2ac61f02d21d4b8e04e16b1d57a69, type: 3}
      propertyPath: m_LocalEulerAnglesHint.x
      value: 0
      objectReference: {fileID: 0}
    - target: {fileID: 400008, guid: 26b2ac61f02d21d4b8e04e16b1d57a69, type: 3}
      propertyPath: m_LocalEulerAnglesHint.y
      value: 45.000004
      objectReference: {fileID: 0}
    - target: {fileID: 400008, guid: 26b2ac61f02d21d4b8e04e16b1d57a69, type: 3}
      propertyPath: m_LocalEulerAnglesHint.z
      value: 0
      objectReference: {fileID: 0}
    - target: {fileID: 10800000, guid: 26b2ac61f02d21d4b8e04e16b1d57a69, type: 3}
      propertyPath: m_Shadows.m_NormalBias
      value: 0.08
      objectReference: {fileID: 0}
    - target: {fileID: 10800000, guid: 26b2ac61f02d21d4b8e04e16b1d57a69, type: 3}
      propertyPath: m_Shadows.m_NearPlane
      value: 0.14
      objectReference: {fileID: 0}
    - target: {fileID: 10800000, guid: 26b2ac61f02d21d4b8e04e16b1d57a69, type: 3}
      propertyPath: m_Shadows.m_Bias
      value: 0
      objectReference: {fileID: 0}
    m_RemovedComponents: []
  m_SourcePrefab: {fileID: 100100000, guid: 26b2ac61f02d21d4b8e04e16b1d57a69, type: 3}
