%YAML 1.1
%TAG !u! tag:unity3d.com,2011:
--- !u!1 &9169734626539876876
GameObject:
  m_ObjectHideFlags: 0
  m_CorrespondingSourceObject: {fileID: 0}
  m_PrefabInstance: {fileID: 0}
  m_PrefabAsset: {fileID: 0}
  serializedVersion: 6
  m_Component:
  - component: {fileID: 765504995631468432}
  m_Layer: 0
  m_Name: BilletProp3_02
  m_TagString: Untagged
  m_Icon: {fileID: 0}
  m_NavMeshLayer: 0
  m_StaticEditorFlags: 0
  m_IsActive: 1
--- !u!4 &765504995631468432
Transform:
  m_ObjectHideFlags: 0
  m_CorrespondingSourceObject: {fileID: 0}
  m_PrefabInstance: {fileID: 0}
  m_PrefabAsset: {fileID: 0}
  m_GameObject: {fileID: 9169734626539876876}
  m_LocalRotation: {x: 0, y: 0, z: 0, w: 1}
  m_LocalPosition: {x: 0, y: 0, z: 0}
  m_LocalScale: {x: 1, y: 1, z: 1}
  m_Children:
  - {fileID: 1644754284591323669}
  - {fileID: 7795388048727693747}
  - {fileID: 91052419259457528}
  - {fileID: 2838681872743684722}
  - {fileID: 6267743543125387290}
  - {fileID: 6224426091755584946}
  - {fileID: 6798456434118227876}
  - {fileID: 8507811180774063704}
  - {fileID: 5808637375621570905}
  - {fileID: 1523446081413814962}
  - {fileID: 132548934825171156}
  - {fileID: 6651690920604680279}
  m_Father: {fileID: 0}
  m_RootOrder: 0
  m_LocalEulerAnglesHint: {x: 0, y: 0, z: 0}
--- !u!1001 &91052419259057528
PrefabInstance:
  m_ObjectHideFlags: 0
  serializedVersion: 2
  m_Modification:
    m_TransformParent: {fileID: 765504995631468432}
    m_Modifications:
    - target: {fileID: 100000, guid: b390180a8c6fb164693223c34d1d85e1, type: 3}
      propertyPath: m_Name
      value: fi_vil_library_envelope_doublesided
      objectReference: {fileID: 0}
    - target: {fileID: 400000, guid: b390180a8c6fb164693223c34d1d85e1, type: 3}
      propertyPath: m_LocalPosition.x
      value: 0.04
      objectReference: {fileID: 0}
    - target: {fileID: 400000, guid: b390180a8c6fb164693223c34d1d85e1, type: 3}
      propertyPath: m_LocalPosition.y
      value: 1.793
      objectReference: {fileID: 0}
    - target: {fileID: 400000, guid: b390180a8c6fb164693223c34d1d85e1, type: 3}
      propertyPath: m_LocalPosition.z
      value: -0.484
      objectReference: {fileID: 0}
    - target: {fileID: 400000, guid: b390180a8c6fb164693223c34d1d85e1, type: 3}
      propertyPath: m_LocalRotation.x
      value: 0.010382632
      objectReference: {fileID: 0}
    - target: {fileID: 400000, guid: b390180a8c6fb164693223c34d1d85e1, type: 3}
      propertyPath: m_LocalRotation.y
      value: 0.010382632
      objectReference: {fileID: 0}
    - target: {fileID: 400000, guid: b390180a8c6fb164693223c34d1d85e1, type: 3}
      propertyPath: m_LocalRotation.z
      value: -0.7070306
      objectReference: {fileID: 0}
    - target: {fileID: 400000, guid: b390180a8c6fb164693223c34d1d85e1, type: 3}
      propertyPath: m_LocalRotation.w
      value: 0.7070306
      objectReference: {fileID: 0}
    - target: {fileID: 400000, guid: b390180a8c6fb164693223c34d1d85e1, type: 3}
      propertyPath: m_RootOrder
      value: 2
      objectReference: {fileID: 0}
    - target: {fileID: 400000, guid: b390180a8c6fb164693223c34d1d85e1, type: 3}
      propertyPath: m_LocalEulerAnglesHint.x
      value: 1.6830001
      objectReference: {fileID: 0}
    - target: {fileID: 400000, guid: b390180a8c6fb164693223c34d1d85e1, type: 3}
      propertyPath: m_LocalEulerAnglesHint.y
      value: 0
      objectReference: {fileID: 0}
    - target: {fileID: 400000, guid: b390180a8c6fb164693223c34d1d85e1, type: 3}
      propertyPath: m_LocalEulerAnglesHint.z
      value: -90.00001
      objectReference: {fileID: 0}
    - target: {fileID: 400000, guid: b390180a8c6fb164693223c34d1d85e1, type: 3}
      propertyPath: m_LocalScale.x
      value: 0.70521
      objectReference: {fileID: 0}
    - target: {fileID: 400000, guid: b390180a8c6fb164693223c34d1d85e1, type: 3}
      propertyPath: m_LocalScale.y
      value: 0.70521
      objectReference: {fileID: 0}
    - target: {fileID: 400000, guid: b390180a8c6fb164693223c34d1d85e1, type: 3}
      propertyPath: m_LocalScale.z
      value: 0.70521
      objectReference: {fileID: 0}
    m_RemovedComponents: []
  m_SourcePrefab: {fileID: 100100000, guid: b390180a8c6fb164693223c34d1d85e1, type: 3}
--- !u!4 &91052419259457528 stripped
Transform:
  m_CorrespondingSourceObject: {fileID: 400000, guid: b390180a8c6fb164693223c34d1d85e1,
    type: 3}
  m_PrefabInstance: {fileID: 91052419259057528}
  m_PrefabAsset: {fileID: 0}
--- !u!1001 &132548934825034324
PrefabInstance:
  m_ObjectHideFlags: 0
  serializedVersion: 2
  m_Modification:
    m_TransformParent: {fileID: 765504995631468432}
    m_Modifications:
    - target: {fileID: 100000, guid: e8c3fa11410b7a542a25e8fdb2393fd9, type: 3}
      propertyPath: m_Name
      value: fi_vil_library_scroll09e
      objectReference: {fileID: 0}
    - target: {fileID: 400000, guid: e8c3fa11410b7a542a25e8fdb2393fd9, type: 3}
      propertyPath: m_LocalPosition.x
      value: 0.042
      objectReference: {fileID: 0}
    - target: {fileID: 400000, guid: e8c3fa11410b7a542a25e8fdb2393fd9, type: 3}
      propertyPath: m_LocalPosition.y
      value: 1.7281
      objectReference: {fileID: 0}
    - target: {fileID: 400000, guid: e8c3fa11410b7a542a25e8fdb2393fd9, type: 3}
      propertyPath: m_LocalPosition.z
      value: 0.0133
      objectReference: {fileID: 0}
    - target: {fileID: 400000, guid: e8c3fa11410b7a542a25e8fdb2393fd9, type: 3}
      propertyPath: m_LocalRotation.x
      value: 0.4881275
      objectReference: {fileID: 0}
    - target: {fileID: 400000, guid: e8c3fa11410b7a542a25e8fdb2393fd9, type: 3}
      propertyPath: m_LocalRotation.y
      value: 0.45333865
      objectReference: {fileID: 0}
    - target: {fileID: 400000, guid: e8c3fa11410b7a542a25e8fdb2393fd9, type: 3}
      propertyPath: m_LocalRotation.z
      value: -0.5230661
      objectReference: {fileID: 0}
    - target: {fileID: 400000, guid: e8c3fa11410b7a542a25e8fdb2393fd9, type: 3}
      propertyPath: m_LocalRotation.w
      value: 0.5316178
      objectReference: {fileID: 0}
    - target: {fileID: 400000, guid: e8c3fa11410b7a542a25e8fdb2393fd9, type: 3}
      propertyPath: m_RootOrder
      value: 10
      objectReference: {fileID: 0}
    - target: {fileID: 400000, guid: e8c3fa11410b7a542a25e8fdb2393fd9, type: 3}
      propertyPath: m_LocalEulerAnglesHint.x
      value: 96.662994
      objectReference: {fileID: 0}
    - target: {fileID: 400000, guid: e8c3fa11410b7a542a25e8fdb2393fd9, type: 3}
      propertyPath: m_LocalEulerAnglesHint.y
      value: 165.709
      objectReference: {fileID: 0}
    - target: {fileID: 400000, guid: e8c3fa11410b7a542a25e8fdb2393fd9, type: 3}
      propertyPath: m_LocalEulerAnglesHint.z
      value: 78.19599
      objectReference: {fileID: 0}
    - target: {fileID: 400000, guid: e8c3fa11410b7a542a25e8fdb2393fd9, type: 3}
      propertyPath: m_LocalScale.x
      value: 0.6063163
      objectReference: {fileID: 0}
    - target: {fileID: 400000, guid: e8c3fa11410b7a542a25e8fdb2393fd9, type: 3}
      propertyPath: m_LocalScale.y
      value: 0.6063163
      objectReference: {fileID: 0}
    - target: {fileID: 400000, guid: e8c3fa11410b7a542a25e8fdb2393fd9, type: 3}
      propertyPath: m_LocalScale.z
      value: 0.6063163
      objectReference: {fileID: 0}
    m_RemovedComponents: []
  m_SourcePrefab: {fileID: 100100000, guid: e8c3fa11410b7a542a25e8fdb2393fd9, type: 3}
--- !u!4 &132548934825171156 stripped
Transform:
  m_CorrespondingSourceObject: {fileID: 400000, guid: e8c3fa11410b7a542a25e8fdb2393fd9,
    type: 3}
  m_PrefabInstance: {fileID: 132548934825034324}
  m_PrefabAsset: {fileID: 0}
--- !u!1001 &1523446081414201394
PrefabInstance:
  m_ObjectHideFlags: 0
  serializedVersion: 2
  m_Modification:
    m_TransformParent: {fileID: 765504995631468432}
    m_Modifications:
    - target: {fileID: 100000, guid: ac2bc8892e8343f4a8314e520efb8ef9, type: 3}
      propertyPath: m_Name
      value: fi_vil_library_scroll09d
      objectReference: {fileID: 0}
    - target: {fileID: 400000, guid: ac2bc8892e8343f4a8314e520efb8ef9, type: 3}
      propertyPath: m_LocalPosition.x
      value: 0.042
      objectReference: {fileID: 0}
    - target: {fileID: 400000, guid: ac2bc8892e8343f4a8314e520efb8ef9, type: 3}
      propertyPath: m_LocalPosition.y
      value: 2.124
      objectReference: {fileID: 0}
    - target: {fileID: 400000, guid: ac2bc8892e8343f4a8314e520efb8ef9, type: 3}
      propertyPath: m_LocalPosition.z
      value: -0.366
      objectReference: {fileID: 0}
    - target: {fileID: 400000, guid: ac2bc8892e8343f4a8314e520efb8ef9, type: 3}
      propertyPath: m_LocalRotation.x
      value: 0.5262555
      objectReference: {fileID: 0}
    - target: {fileID: 400000, guid: ac2bc8892e8343f4a8314e520efb8ef9, type: 3}
      propertyPath: m_LocalRotation.y
      value: 0.5262555
      objectReference: {fileID: 0}
    - target: {fileID: 400000, guid: ac2bc8892e8343f4a8314e520efb8ef9, type: 3}
      propertyPath: m_LocalRotation.z
      value: -0.47228718
      objectReference: {fileID: 0}
    - target: {fileID: 400000, guid: ac2bc8892e8343f4a8314e520efb8ef9, type: 3}
      propertyPath: m_LocalRotation.w
      value: 0.47228718
      objectReference: {fileID: 0}
    - target: {fileID: 400000, guid: ac2bc8892e8343f4a8314e520efb8ef9, type: 3}
      propertyPath: m_RootOrder
      value: 9
      objectReference: {fileID: 0}
    - target: {fileID: 400000, guid: ac2bc8892e8343f4a8314e520efb8ef9, type: 3}
      propertyPath: m_LocalEulerAnglesHint.x
      value: 96.18701
      objectReference: {fileID: 0}
    - target: {fileID: 400000, guid: ac2bc8892e8343f4a8314e520efb8ef9, type: 3}
      propertyPath: m_LocalEulerAnglesHint.y
      value: 0
      objectReference: {fileID: 0}
    - target: {fileID: 400000, guid: ac2bc8892e8343f4a8314e520efb8ef9, type: 3}
      propertyPath: m_LocalEulerAnglesHint.z
      value: -90
      objectReference: {fileID: 0}
    - target: {fileID: 400000, guid: ac2bc8892e8343f4a8314e520efb8ef9, type: 3}
      propertyPath: m_LocalScale.x
      value: 1
      objectReference: {fileID: 0}
    - target: {fileID: 400000, guid: ac2bc8892e8343f4a8314e520efb8ef9, type: 3}
      propertyPath: m_LocalScale.y
      value: 1
      objectReference: {fileID: 0}
    - target: {fileID: 400000, guid: ac2bc8892e8343f4a8314e520efb8ef9, type: 3}
      propertyPath: m_LocalScale.z
      value: 1
      objectReference: {fileID: 0}
    m_RemovedComponents: []
  m_SourcePrefab: {fileID: 100100000, guid: ac2bc8892e8343f4a8314e520efb8ef9, type: 3}
--- !u!4 &1523446081413814962 stripped
Transform:
  m_CorrespondingSourceObject: {fileID: 400000, guid: ac2bc8892e8343f4a8314e520efb8ef9,
    type: 3}
  m_PrefabInstance: {fileID: 1523446081414201394}
  m_PrefabAsset: {fileID: 0}
--- !u!1001 &1644754284590923925
PrefabInstance:
  m_ObjectHideFlags: 0
  serializedVersion: 2
  m_Modification:
    m_TransformParent: {fileID: 765504995631468432}
    m_Modifications:
    - target: {fileID: 100000, guid: b390180a8c6fb164693223c34d1d85e1, type: 3}
      propertyPath: m_Name
      value: fi_vil_library_envelope_doublesided
      objectReference: {fileID: 0}
    - target: {fileID: 400000, guid: b390180a8c6fb164693223c34d1d85e1, type: 3}
      propertyPath: m_LocalPosition.x
      value: 0.04
      objectReference: {fileID: 0}
    - target: {fileID: 400000, guid: b390180a8c6fb164693223c34d1d85e1, type: 3}
      propertyPath: m_LocalPosition.y
      value: 1.949
      objectReference: {fileID: 0}
    - target: {fileID: 400000, guid: b390180a8c6fb164693223c34d1d85e1, type: 3}
      propertyPath: m_LocalPosition.z
      value: 0.488
      objectReference: {fileID: 0}
    - target: {fileID: 400000, guid: b390180a8c6fb164693223c34d1d85e1, type: 3}
      propertyPath: m_LocalRotation.x
      value: 0.021967214
      objectReference: {fileID: 0}
    - target: {fileID: 400000, guid: b390180a8c6fb164693223c34d1d85e1, type: 3}
      propertyPath: m_LocalRotation.y
      value: 0.021967214
      objectReference: {fileID: 0}
    - target: {fileID: 400000, guid: b390180a8c6fb164693223c34d1d85e1, type: 3}
      propertyPath: m_LocalRotation.z
      value: -0.7067655
      objectReference: {fileID: 0}
    - target: {fileID: 400000, guid: b390180a8c6fb164693223c34d1d85e1, type: 3}
      propertyPath: m_LocalRotation.w
      value: 0.7067655
      objectReference: {fileID: 0}
    - target: {fileID: 400000, guid: b390180a8c6fb164693223c34d1d85e1, type: 3}
      propertyPath: m_RootOrder
      value: 0
      objectReference: {fileID: 0}
    - target: {fileID: 400000, guid: b390180a8c6fb164693223c34d1d85e1, type: 3}
      propertyPath: m_LocalEulerAnglesHint.x
      value: 3.561
      objectReference: {fileID: 0}
    - target: {fileID: 400000, guid: b390180a8c6fb164693223c34d1d85e1, type: 3}
      propertyPath: m_LocalEulerAnglesHint.y
      value: 0
      objectReference: {fileID: 0}
    - target: {fileID: 400000, guid: b390180a8c6fb164693223c34d1d85e1, type: 3}
      propertyPath: m_LocalEulerAnglesHint.z
      value: -90.00001
      objectReference: {fileID: 0}
    - target: {fileID: 400000, guid: b390180a8c6fb164693223c34d1d85e1, type: 3}
      propertyPath: m_LocalScale.x
      value: 0.82187
      objectReference: {fileID: 0}
    - target: {fileID: 400000, guid: b390180a8c6fb164693223c34d1d85e1, type: 3}
      propertyPath: m_LocalScale.y
      value: 0.82187
      objectReference: {fileID: 0}
    - target: {fileID: 400000, guid: b390180a8c6fb164693223c34d1d85e1, type: 3}
      propertyPath: m_LocalScale.z
      value: 0.82187
      objectReference: {fileID: 0}
    m_RemovedComponents: []
  m_SourcePrefab: {fileID: 100100000, guid: b390180a8c6fb164693223c34d1d85e1, type: 3}
--- !u!4 &1644754284591323669 stripped
Transform:
  m_CorrespondingSourceObject: {fileID: 400000, guid: b390180a8c6fb164693223c34d1d85e1,
    type: 3}
  m_PrefabInstance: {fileID: 1644754284590923925}
  m_PrefabAsset: {fileID: 0}
--- !u!1001 &2838681872743809266
PrefabInstance:
  m_ObjectHideFlags: 0
  serializedVersion: 2
  m_Modification:
    m_TransformParent: {fileID: 765504995631468432}
    m_Modifications:
    - target: {fileID: 100000, guid: b390180a8c6fb164693223c34d1d85e1, type: 3}
      propertyPath: m_Name
      value: fi_vil_library_envelope_doublesided
      objectReference: {fileID: 0}
    - target: {fileID: 400000, guid: b390180a8c6fb164693223c34d1d85e1, type: 3}
      propertyPath: m_LocalPosition.x
      value: 0.041
      objectReference: {fileID: 0}
    - target: {fileID: 400000, guid: b390180a8c6fb164693223c34d1d85e1, type: 3}
      propertyPath: m_LocalPosition.y
      value: 2.347
      objectReference: {fileID: 0}
    - target: {fileID: 400000, guid: b390180a8c6fb164693223c34d1d85e1, type: 3}
      propertyPath: m_LocalPosition.z
      value: -0.075
      objectReference: {fileID: 0}
    - target: {fileID: 400000, guid: b390180a8c6fb164693223c34d1d85e1, type: 3}
      propertyPath: m_LocalRotation.x
      value: -0.7061646
      objectReference: {fileID: 0}
    - target: {fileID: 400000, guid: b390180a8c6fb164693223c34d1d85e1, type: 3}
      propertyPath: m_LocalRotation.y
      value: 0.7061645
      objectReference: {fileID: 0}
    - target: {fileID: 400000, guid: b390180a8c6fb164693223c34d1d85e1, type: 3}
      propertyPath: m_LocalRotation.z
      value: 0.036492545
      objectReference: {fileID: 0}
    - target: {fileID: 400000, guid: b390180a8c6fb164693223c34d1d85e1, type: 3}
      propertyPath: m_LocalRotation.w
      value: 0.036492314
      objectReference: {fileID: 0}
    - target: {fileID: 400000, guid: b390180a8c6fb164693223c34d1d85e1, type: 3}
      propertyPath: m_RootOrder
      value: 3
      objectReference: {fileID: 0}
    - target: {fileID: 400000, guid: b390180a8c6fb164693223c34d1d85e1, type: 3}
      propertyPath: m_LocalEulerAnglesHint.x
      value: -5.9160004
      objectReference: {fileID: 0}
    - target: {fileID: 400000, guid: b390180a8c6fb164693223c34d1d85e1, type: 3}
      propertyPath: m_LocalEulerAnglesHint.y
      value: 179.99998
      objectReference: {fileID: 0}
    - target: {fileID: 400000, guid: b390180a8c6fb164693223c34d1d85e1, type: 3}
      propertyPath: m_LocalEulerAnglesHint.z
      value: -90.00001
      objectReference: {fileID: 0}
    - target: {fileID: 400000, guid: b390180a8c6fb164693223c34d1d85e1, type: 3}
      propertyPath: m_LocalScale.x
      value: 0.76466
      objectReference: {fileID: 0}
    - target: {fileID: 400000, guid: b390180a8c6fb164693223c34d1d85e1, type: 3}
      propertyPath: m_LocalScale.y
      value: 0.76466
      objectReference: {fileID: 0}
    - target: {fileID: 400000, guid: b390180a8c6fb164693223c34d1d85e1, type: 3}
      propertyPath: m_LocalScale.z
      value: 0.76466
      objectReference: {fileID: 0}
    m_RemovedComponents: []
  m_SourcePrefab: {fileID: 100100000, guid: b390180a8c6fb164693223c34d1d85e1, type: 3}
--- !u!4 &2838681872743684722 stripped
Transform:
  m_CorrespondingSourceObject: {fileID: 400000, guid: b390180a8c6fb164693223c34d1d85e1,
    type: 3}
  m_PrefabInstance: {fileID: 2838681872743809266}
  m_PrefabAsset: {fileID: 0}
--- !u!1001 &5808637375621708761
PrefabInstance:
  m_ObjectHideFlags: 0
  serializedVersion: 2
  m_Modification:
    m_TransformParent: {fileID: 765504995631468432}
    m_Modifications:
    - target: {fileID: 100000, guid: 02a5993fadb675d43a028a547b07f4df, type: 3}
      propertyPath: m_Name
      value: fi_vil_library_map07
      objectReference: {fileID: 0}
    - target: {fileID: 400000, guid: 02a5993fadb675d43a028a547b07f4df, type: 3}
      propertyPath: m_LocalPosition.x
      value: 0.04
      objectReference: {fileID: 0}
    - target: {fileID: 400000, guid: 02a5993fadb675d43a028a547b07f4df, type: 3}
      propertyPath: m_LocalPosition.y
      value: 1.689
      objectReference: {fileID: 0}
    - target: {fileID: 400000, guid: 02a5993fadb675d43a028a547b07f4df, type: 3}
      propertyPath: m_LocalPosition.z
      value: 0.387
      objectReference: {fileID: 0}
    - target: {fileID: 400000, guid: 02a5993fadb675d43a028a547b07f4df, type: 3}
      propertyPath: m_LocalRotation.x
      value: 0.7071068
      objectReference: {fileID: 0}
    - target: {fileID: 400000, guid: 02a5993fadb675d43a028a547b07f4df, type: 3}
      propertyPath: m_LocalRotation.y
      value: 0.7071068
      objectReference: {fileID: 0}
    - target: {fileID: 400000, guid: 02a5993fadb675d43a028a547b07f4df, type: 3}
      propertyPath: m_LocalRotation.z
      value: -0.00000013240823
      objectReference: {fileID: 0}
    - target: {fileID: 400000, guid: 02a5993fadb675d43a028a547b07f4df, type: 3}
      propertyPath: m_LocalRotation.w
      value: -0.00000013240823
      objectReference: {fileID: 0}
    - target: {fileID: 400000, guid: 02a5993fadb675d43a028a547b07f4df, type: 3}
      propertyPath: m_RootOrder
      value: 8
      objectReference: {fileID: 0}
    - target: {fileID: 400000, guid: 02a5993fadb675d43a028a547b07f4df, type: 3}
      propertyPath: m_LocalEulerAnglesHint.x
      value: 0
      objectReference: {fileID: 0}
    - target: {fileID: 400000, guid: 02a5993fadb675d43a028a547b07f4df, type: 3}
      propertyPath: m_LocalEulerAnglesHint.y
      value: 180.00002
      objectReference: {fileID: 0}
    - target: {fileID: 400000, guid: 02a5993fadb675d43a028a547b07f4df, type: 3}
      propertyPath: m_LocalEulerAnglesHint.z
      value: 90
      objectReference: {fileID: 0}
    - target: {fileID: 400000, guid: 02a5993fadb675d43a028a547b07f4df, type: 3}
      propertyPath: m_LocalScale.x
      value: 0.9335
      objectReference: {fileID: 0}
    - target: {fileID: 400000, guid: 02a5993fadb675d43a028a547b07f4df, type: 3}
      propertyPath: m_LocalScale.y
      value: 0.9335
      objectReference: {fileID: 0}
    - target: {fileID: 400000, guid: 02a5993fadb675d43a028a547b07f4df, type: 3}
      propertyPath: m_LocalScale.z
      value: 0.9335
      objectReference: {fileID: 0}
    m_RemovedComponents: []
  m_SourcePrefab: {fileID: 100100000, guid: 02a5993fadb675d43a028a547b07f4df, type: 3}
--- !u!4 &5808637375621570905 stripped
Transform:
  m_CorrespondingSourceObject: {fileID: 400000, guid: 02a5993fadb675d43a028a547b07f4df,
    type: 3}
  m_PrefabInstance: {fileID: 5808637375621708761}
  m_PrefabAsset: {fileID: 0}
--- !u!1001 &6224426091755710258
PrefabInstance:
  m_ObjectHideFlags: 0
  serializedVersion: 2
  m_Modification:
    m_TransformParent: {fileID: 765504995631468432}
    m_Modifications:
    - target: {fileID: 100000, guid: b390180a8c6fb164693223c34d1d85e1, type: 3}
      propertyPath: m_Name
      value: fi_vil_library_envelope_doublesided
      objectReference: {fileID: 0}
    - target: {fileID: 400000, guid: b390180a8c6fb164693223c34d1d85e1, type: 3}
      propertyPath: m_LocalPosition.x
      value: 0.039985865
      objectReference: {fileID: 0}
    - target: {fileID: 400000, guid: b390180a8c6fb164693223c34d1d85e1, type: 3}
      propertyPath: m_LocalPosition.y
      value: 1.114
      objectReference: {fileID: 0}
    - target: {fileID: 400000, guid: b390180a8c6fb164693223c34d1d85e1, type: 3}
      propertyPath: m_LocalPosition.z
      value: -0.208
      objectReference: {fileID: 0}
    - target: {fileID: 400000, guid: b390180a8c6fb164693223c34d1d85e1, type: 3}
      propertyPath: m_LocalRotation.x
      value: 0.1825545
      objectReference: {fileID: 0}
    - target: {fileID: 400000, guid: b390180a8c6fb164693223c34d1d85e1, type: 3}
      propertyPath: m_LocalRotation.y
      value: 0.18201683
      objectReference: {fileID: 0}
    - target: {fileID: 400000, guid: b390180a8c6fb164693223c34d1d85e1, type: 3}
      propertyPath: m_LocalRotation.z
      value: -0.6834764
      objectReference: {fileID: 0}
    - target: {fileID: 400000, guid: b390180a8c6fb164693223c34d1d85e1, type: 3}
      propertyPath: m_LocalRotation.w
      value: 0.6829377
      objectReference: {fileID: 0}
    - target: {fileID: 400000, guid: b390180a8c6fb164693223c34d1d85e1, type: 3}
      propertyPath: m_RootOrder
      value: 5
      objectReference: {fileID: 0}
    - target: {fileID: 400000, guid: b390180a8c6fb164693223c34d1d85e1, type: 3}
      propertyPath: m_LocalEulerAnglesHint.x
      value: 29.878002
      objectReference: {fileID: 0}
    - target: {fileID: 400000, guid: b390180a8c6fb164693223c34d1d85e1, type: 3}
      propertyPath: m_LocalEulerAnglesHint.y
      value: -0.062000003
      objectReference: {fileID: 0}
    - target: {fileID: 400000, guid: b390180a8c6fb164693223c34d1d85e1, type: 3}
      propertyPath: m_LocalEulerAnglesHint.z
      value: -90.062004
      objectReference: {fileID: 0}
    - target: {fileID: 400000, guid: b390180a8c6fb164693223c34d1d85e1, type: 3}
      propertyPath: m_LocalScale.x
      value: 0.70521
      objectReference: {fileID: 0}
    - target: {fileID: 400000, guid: b390180a8c6fb164693223c34d1d85e1, type: 3}
      propertyPath: m_LocalScale.y
      value: 0.70521
      objectReference: {fileID: 0}
    - target: {fileID: 400000, guid: b390180a8c6fb164693223c34d1d85e1, type: 3}
      propertyPath: m_LocalScale.z
      value: 0.70521
      objectReference: {fileID: 0}
    m_RemovedComponents: []
  m_SourcePrefab: {fileID: 100100000, guid: b390180a8c6fb164693223c34d1d85e1, type: 3}
--- !u!4 &6224426091755584946 stripped
Transform:
  m_CorrespondingSourceObject: {fileID: 400000, guid: b390180a8c6fb164693223c34d1d85e1,
    type: 3}
  m_PrefabInstance: {fileID: 6224426091755710258}
  m_PrefabAsset: {fileID: 0}
--- !u!1001 &6267743543125258906
PrefabInstance:
  m_ObjectHideFlags: 0
  serializedVersion: 2
  m_Modification:
    m_TransformParent: {fileID: 765504995631468432}
    m_Modifications:
    - target: {fileID: 100000, guid: b390180a8c6fb164693223c34d1d85e1, type: 3}
      propertyPath: m_Name
      value: fi_vil_library_envelope_doublesided
      objectReference: {fileID: 0}
    - target: {fileID: 400000, guid: b390180a8c6fb164693223c34d1d85e1, type: 3}
      propertyPath: m_LocalPosition.x
      value: 0.04099648
      objectReference: {fileID: 0}
    - target: {fileID: 400000, guid: b390180a8c6fb164693223c34d1d85e1, type: 3}
      propertyPath: m_LocalPosition.y
      value: 1.107
      objectReference: {fileID: 0}
    - target: {fileID: 400000, guid: b390180a8c6fb164693223c34d1d85e1, type: 3}
      propertyPath: m_LocalPosition.z
      value: -0.409
      objectReference: {fileID: 0}
    - target: {fileID: 400000, guid: b390180a8c6fb164693223c34d1d85e1, type: 3}
      propertyPath: m_LocalRotation.x
      value: -0.70634735
      objectReference: {fileID: 0}
    - target: {fileID: 400000, guid: b390180a8c6fb164693223c34d1d85e1, type: 3}
      propertyPath: m_LocalRotation.y
      value: 0.70689285
      objectReference: {fileID: 0}
    - target: {fileID: 400000, guid: b390180a8c6fb164693223c34d1d85e1, type: 3}
      propertyPath: m_LocalRotation.z
      value: -0.026493913
      objectReference: {fileID: 0}
    - target: {fileID: 400000, guid: b390180a8c6fb164693223c34d1d85e1, type: 3}
      propertyPath: m_LocalRotation.w
      value: -0.025963467
      objectReference: {fileID: 0}
    - target: {fileID: 400000, guid: b390180a8c6fb164693223c34d1d85e1, type: 3}
      propertyPath: m_RootOrder
      value: 4
      objectReference: {fileID: 0}
    - target: {fileID: 400000, guid: b390180a8c6fb164693223c34d1d85e1, type: 3}
      propertyPath: m_LocalEulerAnglesHint.x
      value: 4.2520003
      objectReference: {fileID: 0}
    - target: {fileID: 400000, guid: b390180a8c6fb164693223c34d1d85e1, type: 3}
      propertyPath: m_LocalEulerAnglesHint.y
      value: 179.95901
      objectReference: {fileID: 0}
    - target: {fileID: 400000, guid: b390180a8c6fb164693223c34d1d85e1, type: 3}
      propertyPath: m_LocalEulerAnglesHint.z
      value: -89.957
      objectReference: {fileID: 0}
    - target: {fileID: 400000, guid: b390180a8c6fb164693223c34d1d85e1, type: 3}
      propertyPath: m_LocalScale.x
      value: 0.76466
      objectReference: {fileID: 0}
    - target: {fileID: 400000, guid: b390180a8c6fb164693223c34d1d85e1, type: 3}
      propertyPath: m_LocalScale.y
      value: 0.76466
      objectReference: {fileID: 0}
    - target: {fileID: 400000, guid: b390180a8c6fb164693223c34d1d85e1, type: 3}
      propertyPath: m_LocalScale.z
      value: 0.76466
      objectReference: {fileID: 0}
    m_RemovedComponents: []
  m_SourcePrefab: {fileID: 100100000, guid: b390180a8c6fb164693223c34d1d85e1, type: 3}
--- !u!4 &6267743543125387290 stripped
Transform:
  m_CorrespondingSourceObject: {fileID: 400000, guid: b390180a8c6fb164693223c34d1d85e1,
    type: 3}
  m_PrefabInstance: {fileID: 6267743543125258906}
  m_PrefabAsset: {fileID: 0}
--- !u!1001 &6651690920604555991
PrefabInstance:
  m_ObjectHideFlags: 0
  serializedVersion: 2
  m_Modification:
    m_TransformParent: {fileID: 765504995631468432}
    m_Modifications:
    - target: {fileID: 100000, guid: 1d4f192bb1a5a624886e3977e29da23b, type: 3}
      propertyPath: m_Name
      value: fi_vil_library_scroll12b
      objectReference: {fileID: 0}
    - target: {fileID: 400000, guid: 1d4f192bb1a5a624886e3977e29da23b, type: 3}
      propertyPath: m_LocalPosition.x
      value: 0.04
      objectReference: {fileID: 0}
    - target: {fileID: 400000, guid: 1d4f192bb1a5a624886e3977e29da23b, type: 3}
      propertyPath: m_LocalPosition.y
      value: 1.244
      objectReference: {fileID: 0}
    - target: {fileID: 400000, guid: 1d4f192bb1a5a624886e3977e29da23b, type: 3}
      propertyPath: m_LocalPosition.z
      value: 0.223
      objectReference: {fileID: 0}
    - target: {fileID: 400000, guid: 1d4f192bb1a5a624886e3977e29da23b, type: 3}
      propertyPath: m_LocalRotation.x
      value: 0.70515805
      objectReference: {fileID: 0}
    - target: {fileID: 400000, guid: 1d4f192bb1a5a624886e3977e29da23b, type: 3}
      propertyPath: m_LocalRotation.y
      value: 0.70515805
      objectReference: {fileID: 0}
    - target: {fileID: 400000, guid: 1d4f192bb1a5a624886e3977e29da23b, type: 3}
      propertyPath: m_LocalRotation.z
      value: 0.052461486
      objectReference: {fileID: 0}
    - target: {fileID: 400000, guid: 1d4f192bb1a5a624886e3977e29da23b, type: 3}
      propertyPath: m_LocalRotation.w
      value: -0.052461486
      objectReference: {fileID: 0}
    - target: {fileID: 400000, guid: 1d4f192bb1a5a624886e3977e29da23b, type: 3}
      propertyPath: m_RootOrder
      value: 11
      objectReference: {fileID: 0}
    - target: {fileID: 400000, guid: 1d4f192bb1a5a624886e3977e29da23b, type: 3}
      propertyPath: m_LocalEulerAnglesHint.x
      value: 188.51
      objectReference: {fileID: 0}
    - target: {fileID: 400000, guid: 1d4f192bb1a5a624886e3977e29da23b, type: 3}
      propertyPath: m_LocalEulerAnglesHint.y
      value: 0
      objectReference: {fileID: 0}
    - target: {fileID: 400000, guid: 1d4f192bb1a5a624886e3977e29da23b, type: 3}
      propertyPath: m_LocalEulerAnglesHint.z
      value: -90
      objectReference: {fileID: 0}
    - target: {fileID: 400000, guid: 1d4f192bb1a5a624886e3977e29da23b, type: 3}
      propertyPath: m_LocalScale.x
      value: 0.85586
      objectReference: {fileID: 0}
    - target: {fileID: 400000, guid: 1d4f192bb1a5a624886e3977e29da23b, type: 3}
      propertyPath: m_LocalScale.y
      value: 0.85586
      objectReference: {fileID: 0}
    - target: {fileID: 400000, guid: 1d4f192bb1a5a624886e3977e29da23b, type: 3}
      propertyPath: m_LocalScale.z
      value: 0.85586
      objectReference: {fileID: 0}
    m_RemovedComponents: []
  m_SourcePrefab: {fileID: 100100000, guid: 1d4f192bb1a5a624886e3977e29da23b, type: 3}
--- !u!4 &6651690920604680279 stripped
Transform:
  m_CorrespondingSourceObject: {fileID: 400000, guid: 1d4f192bb1a5a624886e3977e29da23b,
    type: 3}
  m_PrefabInstance: {fileID: 6651690920604555991}
  m_PrefabAsset: {fileID: 0}
--- !u!1001 &6798456434118094116
PrefabInstance:
  m_ObjectHideFlags: 0
  serializedVersion: 2
  m_Modification:
    m_TransformParent: {fileID: 765504995631468432}
    m_Modifications:
    - target: {fileID: 100000, guid: f0909844f5689894e83b485f37a5bbae, type: 3}
      propertyPath: m_Name
      value: fi_vil_library_map03
      objectReference: {fileID: 0}
    - target: {fileID: 400000, guid: f0909844f5689894e83b485f37a5bbae, type: 3}
      propertyPath: m_LocalPosition.x
      value: 0.04
      objectReference: {fileID: 0}
    - target: {fileID: 400000, guid: f0909844f5689894e83b485f37a5bbae, type: 3}
      propertyPath: m_LocalPosition.y
      value: 1.464
      objectReference: {fileID: 0}
    - target: {fileID: 400000, guid: f0909844f5689894e83b485f37a5bbae, type: 3}
      propertyPath: m_LocalPosition.z
      value: -0.343
      objectReference: {fileID: 0}
    - target: {fileID: 400000, guid: f0909844f5689894e83b485f37a5bbae, type: 3}
      propertyPath: m_LocalRotation.x
      value: 0.48199633
      objectReference: {fileID: 0}
    - target: {fileID: 400000, guid: f0909844f5689894e83b485f37a5bbae, type: 3}
      propertyPath: m_LocalRotation.y
      value: 0.48199633
      objectReference: {fileID: 0}
    - target: {fileID: 400000, guid: f0909844f5689894e83b485f37a5bbae, type: 3}
      propertyPath: m_LocalRotation.z
      value: -0.5173776
      objectReference: {fileID: 0}
    - target: {fileID: 400000, guid: f0909844f5689894e83b485f37a5bbae, type: 3}
      propertyPath: m_LocalRotation.w
      value: 0.5173776
      objectReference: {fileID: 0}
    - target: {fileID: 400000, guid: f0909844f5689894e83b485f37a5bbae, type: 3}
      propertyPath: m_RootOrder
      value: 6
      objectReference: {fileID: 0}
    - target: {fileID: 400000, guid: f0909844f5689894e83b485f37a5bbae, type: 3}
      propertyPath: m_LocalEulerAnglesHint.x
      value: 94.05499
      objectReference: {fileID: 0}
    - target: {fileID: 400000, guid: f0909844f5689894e83b485f37a5bbae, type: 3}
      propertyPath: m_LocalEulerAnglesHint.y
      value: 180
      objectReference: {fileID: 0}
    - target: {fileID: 400000, guid: f0909844f5689894e83b485f37a5bbae, type: 3}
      propertyPath: m_LocalEulerAnglesHint.z
      value: 89.99999
      objectReference: {fileID: 0}
    - target: {fileID: 400000, guid: f0909844f5689894e83b485f37a5bbae, type: 3}
      propertyPath: m_LocalScale.x
      value: 0.88452
      objectReference: {fileID: 0}
    - target: {fileID: 400000, guid: f0909844f5689894e83b485f37a5bbae, type: 3}
      propertyPath: m_LocalScale.y
      value: 0.88452
      objectReference: {fileID: 0}
    - target: {fileID: 400000, guid: f0909844f5689894e83b485f37a5bbae, type: 3}
      propertyPath: m_LocalScale.z
      value: 0.88452
      objectReference: {fileID: 0}
    m_RemovedComponents: []
  m_SourcePrefab: {fileID: 100100000, guid: f0909844f5689894e83b485f37a5bbae, type: 3}
--- !u!4 &6798456434118227876 stripped
Transform:
  m_CorrespondingSourceObject: {fileID: 400000, guid: f0909844f5689894e83b485f37a5bbae,
    type: 3}
  m_PrefabInstance: {fileID: 6798456434118094116}
  m_PrefabAsset: {fileID: 0}
--- !u!1001 &7795388048727556915
PrefabInstance:
  m_ObjectHideFlags: 0
  serializedVersion: 2
  m_Modification:
    m_TransformParent: {fileID: 765504995631468432}
    m_Modifications:
    - target: {fileID: 100000, guid: b390180a8c6fb164693223c34d1d85e1, type: 3}
      propertyPath: m_Name
      value: fi_vil_library_envelope_doublesided
      objectReference: {fileID: 0}
    - target: {fileID: 400000, guid: b390180a8c6fb164693223c34d1d85e1, type: 3}
      propertyPath: m_LocalPosition.x
      value: 0.041
      objectReference: {fileID: 0}
    - target: {fileID: 400000, guid: b390180a8c6fb164693223c34d1d85e1, type: 3}
      propertyPath: m_LocalPosition.y
      value: 1.985
      objectReference: {fileID: 0}
    - target: {fileID: 400000, guid: b390180a8c6fb164693223c34d1d85e1, type: 3}
      propertyPath: m_LocalPosition.z
      value: 0.019
      objectReference: {fileID: 0}
    - target: {fileID: 400000, guid: b390180a8c6fb164693223c34d1d85e1, type: 3}
      propertyPath: m_LocalRotation.x
      value: -0.70012456
      objectReference: {fileID: 0}
    - target: {fileID: 400000, guid: b390180a8c6fb164693223c34d1d85e1, type: 3}
      propertyPath: m_LocalRotation.y
      value: 0.70012456
      objectReference: {fileID: 0}
    - target: {fileID: 400000, guid: b390180a8c6fb164693223c34d1d85e1, type: 3}
      propertyPath: m_LocalRotation.z
      value: -0.09912422
      objectReference: {fileID: 0}
    - target: {fileID: 400000, guid: b390180a8c6fb164693223c34d1d85e1, type: 3}
      propertyPath: m_LocalRotation.w
      value: -0.09912448
      objectReference: {fileID: 0}
    - target: {fileID: 400000, guid: b390180a8c6fb164693223c34d1d85e1, type: 3}
      propertyPath: m_RootOrder
      value: 1
      objectReference: {fileID: 0}
    - target: {fileID: 400000, guid: b390180a8c6fb164693223c34d1d85e1, type: 3}
      propertyPath: m_LocalEulerAnglesHint.x
      value: 16.117
      objectReference: {fileID: 0}
    - target: {fileID: 400000, guid: b390180a8c6fb164693223c34d1d85e1, type: 3}
      propertyPath: m_LocalEulerAnglesHint.y
      value: 179.99998
      objectReference: {fileID: 0}
    - target: {fileID: 400000, guid: b390180a8c6fb164693223c34d1d85e1, type: 3}
      propertyPath: m_LocalEulerAnglesHint.z
      value: -90.00001
      objectReference: {fileID: 0}
    - target: {fileID: 400000, guid: b390180a8c6fb164693223c34d1d85e1, type: 3}
      propertyPath: m_LocalScale.x
      value: 0.76466
      objectReference: {fileID: 0}
    - target: {fileID: 400000, guid: b390180a8c6fb164693223c34d1d85e1, type: 3}
      propertyPath: m_LocalScale.y
      value: 0.76466
      objectReference: {fileID: 0}
    - target: {fileID: 400000, guid: b390180a8c6fb164693223c34d1d85e1, type: 3}
      propertyPath: m_LocalScale.z
      value: 0.76466
      objectReference: {fileID: 0}
    m_RemovedComponents: []
  m_SourcePrefab: {fileID: 100100000, guid: b390180a8c6fb164693223c34d1d85e1, type: 3}
--- !u!4 &7795388048727693747 stripped
Transform:
  m_CorrespondingSourceObject: {fileID: 400000, guid: b390180a8c6fb164693223c34d1d85e1,
    type: 3}
  m_PrefabInstance: {fileID: 7795388048727556915}
  m_PrefabAsset: {fileID: 0}
--- !u!1001 &8507811180774188248
PrefabInstance:
  m_ObjectHideFlags: 0
  serializedVersion: 2
  m_Modification:
    m_TransformParent: {fileID: 765504995631468432}
    m_Modifications:
    - target: {fileID: 100000, guid: 4ece566064823ec47b42ce3a2439cc66, type: 3}
      propertyPath: m_Name
      value: fi_vil_library_map05
      objectReference: {fileID: 0}
    - target: {fileID: 400000, guid: 4ece566064823ec47b42ce3a2439cc66, type: 3}
      propertyPath: m_LocalPosition.x
      value: 0.04
      objectReference: {fileID: 0}
    - target: {fileID: 400000, guid: 4ece566064823ec47b42ce3a2439cc66, type: 3}
      propertyPath: m_LocalPosition.y
      value: 2.262
      objectReference: {fileID: 0}
    - target: {fileID: 400000, guid: 4ece566064823ec47b42ce3a2439cc66, type: 3}
      propertyPath: m_LocalPosition.z
      value: 0.256
      objectReference: {fileID: 0}
    - target: {fileID: 400000, guid: 4ece566064823ec47b42ce3a2439cc66, type: 3}
      propertyPath: m_LocalRotation.x
      value: 0.48953328
      objectReference: {fileID: 0}
    - target: {fileID: 400000, guid: 4ece566064823ec47b42ce3a2439cc66, type: 3}
      propertyPath: m_LocalRotation.y
      value: 0.48953316
      objectReference: {fileID: 0}
    - target: {fileID: 400000, guid: 4ece566064823ec47b42ce3a2439cc66, type: 3}
      propertyPath: m_LocalRotation.z
      value: 0.510252
      objectReference: {fileID: 0}
    - target: {fileID: 400000, guid: 4ece566064823ec47b42ce3a2439cc66, type: 3}
      propertyPath: m_LocalRotation.w
      value: -0.51025224
      objectReference: {fileID: 0}
    - target: {fileID: 400000, guid: 4ece566064823ec47b42ce3a2439cc66, type: 3}
      propertyPath: m_RootOrder
      value: 7
      objectReference: {fileID: 0}
    - target: {fileID: 400000, guid: 4ece566064823ec47b42ce3a2439cc66, type: 3}
      propertyPath: m_LocalEulerAnglesHint.x
      value: -92.37399
      objectReference: {fileID: 0}
    - target: {fileID: 400000, guid: 4ece566064823ec47b42ce3a2439cc66, type: 3}
      propertyPath: m_LocalEulerAnglesHint.y
      value: 180
      objectReference: {fileID: 0}
    - target: {fileID: 400000, guid: 4ece566064823ec47b42ce3a2439cc66, type: 3}
      propertyPath: m_LocalEulerAnglesHint.z
      value: 89.99999
      objectReference: {fileID: 0}
    - target: {fileID: 400000, guid: 4ece566064823ec47b42ce3a2439cc66, type: 3}
      propertyPath: m_LocalScale.x
      value: 1
      objectReference: {fileID: 0}
    - target: {fileID: 400000, guid: 4ece566064823ec47b42ce3a2439cc66, type: 3}
      propertyPath: m_LocalScale.y
      value: 1
      objectReference: {fileID: 0}
    - target: {fileID: 400000, guid: 4ece566064823ec47b42ce3a2439cc66, type: 3}
      propertyPath: m_LocalScale.z
      value: 1
      objectReference: {fileID: 0}
    m_RemovedComponents: []
  m_SourcePrefab: {fileID: 100100000, guid: 4ece566064823ec47b42ce3a2439cc66, type: 3}
--- !u!4 &8507811180774063704 stripped
Transform:
  m_CorrespondingSourceObject: {fileID: 400000, guid: 4ece566064823ec47b42ce3a2439cc66,
    type: 3}
  m_PrefabInstance: {fileID: 8507811180774188248}
  m_PrefabAsset: {fileID: 0}
