%YAML 1.1
%TAG !u! tag:unity3d.com,2011:
--- !u!1 &2129877361956514580
GameObject:
  m_ObjectHideFlags: 0
  m_CorrespondingSourceObject: {fileID: 0}
  m_PrefabInstance: {fileID: 0}
  m_PrefabAsset: {fileID: 0}
  serializedVersion: 6
  m_Component:
  - component: {fileID: 2129877361956514581}
  m_Layer: 0
  m_Name: Cluster08
  m_TagString: Untagged
  m_Icon: {fileID: 0}
  m_NavMeshLayer: 0
  m_StaticEditorFlags: 0
  m_IsActive: 1
--- !u!4 &2129877361956514581
Transform:
  m_ObjectHideFlags: 0
  m_CorrespondingSourceObject: {fileID: 0}
  m_PrefabInstance: {fileID: 0}
  m_PrefabAsset: {fileID: 0}
  m_GameObject: {fileID: 2129877361956514580}
  m_LocalRotation: {x: -0, y: -0, z: -0, w: 1}
  m_LocalPosition: {x: 0, y: 0, z: 0}
  m_LocalScale: {x: 1, y: 1, z: 1}
  m_Children:
  - {fileID: 2814501274367928981}
  - {fileID: 8662838274272008773}
  - {fileID: 1953732432357464181}
  - {fileID: 8970330644119455763}
  - {fileID: 6559950650105013829}
  - {fileID: 2870390535365924071}
  - {fileID: 8447564488557297877}
  - {fileID: 2852894434413182758}
  m_Father: {fileID: 0}
  m_RootOrder: 0
  m_LocalEulerAnglesHint: {x: 0, y: 0, z: 0}
--- !u!1001 &1953732432357557541
PrefabInstance:
  m_ObjectHideFlags: 0
  serializedVersion: 2
  m_Modification:
    m_TransformParent: {fileID: 2129877361956514581}
    m_Modifications:
    - target: {fileID: 179022, guid: 1597fd4b7c18b3a4da3ec8e39481b2c2, type: 3}
      propertyPath: m_Name
      value: fe_vil_crate_02c
      objectReference: {fileID: 0}
    - target: {fileID: 433488, guid: 1597fd4b7c18b3a4da3ec8e39481b2c2, type: 3}
      propertyPath: m_LocalPosition.x
      value: -0.518
      objectReference: {fileID: 0}
    - target: {fileID: 433488, guid: 1597fd4b7c18b3a4da3ec8e39481b2c2, type: 3}
      propertyPath: m_LocalPosition.y
      value: 0.2913
      objectReference: {fileID: 0}
    - target: {fileID: 433488, guid: 1597fd4b7c18b3a4da3ec8e39481b2c2, type: 3}
      propertyPath: m_LocalPosition.z
      value: -0.547
      objectReference: {fileID: 0}
    - target: {fileID: 433488, guid: 1597fd4b7c18b3a4da3ec8e39481b2c2, type: 3}
      propertyPath: m_LocalRotation.x
      value: -0
      objectReference: {fileID: 0}
    - target: {fileID: 433488, guid: 1597fd4b7c18b3a4da3ec8e39481b2c2, type: 3}
      propertyPath: m_LocalRotation.y
      value: 0.80279654
      objectReference: {fileID: 0}
    - target: {fileID: 433488, guid: 1597fd4b7c18b3a4da3ec8e39481b2c2, type: 3}
      propertyPath: m_LocalRotation.z
      value: -0
      objectReference: {fileID: 0}
    - target: {fileID: 433488, guid: 1597fd4b7c18b3a4da3ec8e39481b2c2, type: 3}
      propertyPath: m_LocalRotation.w
      value: 0.5962531
      objectReference: {fileID: 0}
    - target: {fileID: 433488, guid: 1597fd4b7c18b3a4da3ec8e39481b2c2, type: 3}
      propertyPath: m_RootOrder
      value: 2
      objectReference: {fileID: 0}
    - target: {fileID: 433488, guid: 1597fd4b7c18b3a4da3ec8e39481b2c2, type: 3}
      propertyPath: m_LocalEulerAnglesHint.x
      value: 0
      objectReference: {fileID: 0}
    - target: {fileID: 433488, guid: 1597fd4b7c18b3a4da3ec8e39481b2c2, type: 3}
      propertyPath: m_LocalEulerAnglesHint.y
      value: 106.796005
      objectReference: {fileID: 0}
    - target: {fileID: 433488, guid: 1597fd4b7c18b3a4da3ec8e39481b2c2, type: 3}
      propertyPath: m_LocalEulerAnglesHint.z
      value: 0
      objectReference: {fileID: 0}
    m_RemovedComponents: []
  m_SourcePrefab: {fileID: 100100000, guid: 1597fd4b7c18b3a4da3ec8e39481b2c2, type: 3}
--- !u!4 &1953732432357464181 stripped
Transform:
  m_CorrespondingSourceObject: {fileID: 433488, guid: 1597fd4b7c18b3a4da3ec8e39481b2c2,
    type: 3}
  m_PrefabInstance: {fileID: 1953732432357557541}
  m_PrefabAsset: {fileID: 0}
--- !u!1001 &2814501274367799317
PrefabInstance:
  m_ObjectHideFlags: 0
  serializedVersion: 2
  m_Modification:
    m_TransformParent: {fileID: 2129877361956514581}
    m_Modifications:
    - target: {fileID: 100000, guid: f74e2f16bc11c204eae81ce9c817efea, type: 3}
      propertyPath: m_Name
      value: fi_vil_container_sack03_cherries_leaning
      objectReference: {fileID: 0}
    - target: {fileID: 400000, guid: f74e2f16bc11c204eae81ce9c817efea, type: 3}
      propertyPath: m_LocalPosition.x
      value: 0.634
      objectReference: {fileID: 0}
    - target: {fileID: 400000, guid: f74e2f16bc11c204eae81ce9c817efea, type: 3}
      propertyPath: m_LocalPosition.y
      value: 0
      objectReference: {fileID: 0}
    - target: {fileID: 400000, guid: f74e2f16bc11c204eae81ce9c817efea, type: 3}
      propertyPath: m_LocalPosition.z
      value: 0.546
      objectReference: {fileID: 0}
    - target: {fileID: 400000, guid: f74e2f16bc11c204eae81ce9c817efea, type: 3}
      propertyPath: m_LocalRotation.x
      value: -0
      objectReference: {fileID: 0}
    - target: {fileID: 400000, guid: f74e2f16bc11c204eae81ce9c817efea, type: 3}
      propertyPath: m_LocalRotation.y
      value: 0.7212287
      objectReference: {fileID: 0}
    - target: {fileID: 400000, guid: f74e2f16bc11c204eae81ce9c817efea, type: 3}
      propertyPath: m_LocalRotation.z
      value: -0
      objectReference: {fileID: 0}
    - target: {fileID: 400000, guid: f74e2f16bc11c204eae81ce9c817efea, type: 3}
      propertyPath: m_LocalRotation.w
      value: 0.69269705
      objectReference: {fileID: 0}
    - target: {fileID: 400000, guid: f74e2f16bc11c204eae81ce9c817efea, type: 3}
      propertyPath: m_RootOrder
      value: 0
      objectReference: {fileID: 0}
    - target: {fileID: 400000, guid: f74e2f16bc11c204eae81ce9c817efea, type: 3}
      propertyPath: m_LocalEulerAnglesHint.x
      value: 0
      objectReference: {fileID: 0}
    - target: {fileID: 400000, guid: f74e2f16bc11c204eae81ce9c817efea, type: 3}
      propertyPath: m_LocalEulerAnglesHint.y
      value: 92.312004
      objectReference: {fileID: 0}
    - target: {fileID: 400000, guid: f74e2f16bc11c204eae81ce9c817efea, type: 3}
      propertyPath: m_LocalEulerAnglesHint.z
      value: 0
      objectReference: {fileID: 0}
    m_RemovedComponents: []
  m_SourcePrefab: {fileID: 100100000, guid: f74e2f16bc11c204eae81ce9c817efea, type: 3}
--- !u!4 &2814501274367928981 stripped
Transform:
  m_CorrespondingSourceObject: {fileID: 400000, guid: f74e2f16bc11c204eae81ce9c817efea,
    type: 3}
  m_PrefabInstance: {fileID: 2814501274367799317}
  m_PrefabAsset: {fileID: 0}
--- !u!1001 &2852894434413268104
PrefabInstance:
  m_ObjectHideFlags: 0
  serializedVersion: 2
  m_Modification:
    m_TransformParent: {fileID: 2129877361956514581}
    m_Modifications:
    - target: {fileID: 114000, guid: 61b2309c6a9086940900bc53bfd82669, type: 3}
      propertyPath: m_Name
      value: fe_vil_barrel_L4b
      objectReference: {fileID: 0}
    - target: {fileID: 439214, guid: 61b2309c6a9086940900bc53bfd82669, type: 3}
      propertyPath: m_LocalPosition.x
      value: -0.439
      objectReference: {fileID: 0}
    - target: {fileID: 439214, guid: 61b2309c6a9086940900bc53bfd82669, type: 3}
      propertyPath: m_LocalPosition.y
      value: 0
      objectReference: {fileID: 0}
    - target: {fileID: 439214, guid: 61b2309c6a9086940900bc53bfd82669, type: 3}
      propertyPath: m_LocalPosition.z
      value: 0.426
      objectReference: {fileID: 0}
    - target: {fileID: 439214, guid: 61b2309c6a9086940900bc53bfd82669, type: 3}
      propertyPath: m_LocalRotation.x
      value: -0
      objectReference: {fileID: 0}
    - target: {fileID: 439214, guid: 61b2309c6a9086940900bc53bfd82669, type: 3}
      propertyPath: m_LocalRotation.y
      value: -0
      objectReference: {fileID: 0}
    - target: {fileID: 439214, guid: 61b2309c6a9086940900bc53bfd82669, type: 3}
      propertyPath: m_LocalRotation.z
      value: -0
      objectReference: {fileID: 0}
    - target: {fileID: 439214, guid: 61b2309c6a9086940900bc53bfd82669, type: 3}
      propertyPath: m_LocalRotation.w
      value: 1
      objectReference: {fileID: 0}
    - target: {fileID: 439214, guid: 61b2309c6a9086940900bc53bfd82669, type: 3}
      propertyPath: m_RootOrder
      value: 7
      objectReference: {fileID: 0}
    - target: {fileID: 439214, guid: 61b2309c6a9086940900bc53bfd82669, type: 3}
      propertyPath: m_LocalEulerAnglesHint.x
      value: 0
      objectReference: {fileID: 0}
    - target: {fileID: 439214, guid: 61b2309c6a9086940900bc53bfd82669, type: 3}
      propertyPath: m_LocalEulerAnglesHint.y
      value: 0
      objectReference: {fileID: 0}
    - target: {fileID: 439214, guid: 61b2309c6a9086940900bc53bfd82669, type: 3}
      propertyPath: m_LocalEulerAnglesHint.z
      value: 0
      objectReference: {fileID: 0}
    m_RemovedComponents: []
  m_SourcePrefab: {fileID: 100100000, guid: 61b2309c6a9086940900bc53bfd82669, type: 3}
--- !u!4 &2852894434413182758 stripped
Transform:
  m_CorrespondingSourceObject: {fileID: 439214, guid: 61b2309c6a9086940900bc53bfd82669,
    type: 3}
  m_PrefabInstance: {fileID: 2852894434413268104}
  m_PrefabAsset: {fileID: 0}
--- !u!1001 &2870390535366283357
PrefabInstance:
  m_ObjectHideFlags: 0
  serializedVersion: 2
  m_Modification:
    m_TransformParent: {fileID: 2129877361956514581}
    m_Modifications:
    - target: {fileID: 117760, guid: 50026e929d1c3a7418b57158b30fae89, type: 3}
      propertyPath: m_Name
      value: fe_vil_crate_08b
      objectReference: {fileID: 0}
    - target: {fileID: 492730, guid: 50026e929d1c3a7418b57158b30fae89, type: 3}
      propertyPath: m_LocalPosition.x
      value: -0.501
      objectReference: {fileID: 0}
    - target: {fileID: 492730, guid: 50026e929d1c3a7418b57158b30fae89, type: 3}
      propertyPath: m_LocalPosition.y
      value: 0
      objectReference: {fileID: 0}
    - target: {fileID: 492730, guid: 50026e929d1c3a7418b57158b30fae89, type: 3}
      propertyPath: m_LocalPosition.z
      value: -0.492
      objectReference: {fileID: 0}
    - target: {fileID: 492730, guid: 50026e929d1c3a7418b57158b30fae89, type: 3}
      propertyPath: m_LocalRotation.x
      value: -0
      objectReference: {fileID: 0}
    - target: {fileID: 492730, guid: 50026e929d1c3a7418b57158b30fae89, type: 3}
      propertyPath: m_LocalRotation.y
      value: 0.35624045
      objectReference: {fileID: 0}
    - target: {fileID: 492730, guid: 50026e929d1c3a7418b57158b30fae89, type: 3}
      propertyPath: m_LocalRotation.z
      value: -0
      objectReference: {fileID: 0}
    - target: {fileID: 492730, guid: 50026e929d1c3a7418b57158b30fae89, type: 3}
      propertyPath: m_LocalRotation.w
      value: 0.93439436
      objectReference: {fileID: 0}
    - target: {fileID: 492730, guid: 50026e929d1c3a7418b57158b30fae89, type: 3}
      propertyPath: m_RootOrder
      value: 5
      objectReference: {fileID: 0}
    - target: {fileID: 492730, guid: 50026e929d1c3a7418b57158b30fae89, type: 3}
      propertyPath: m_LocalEulerAnglesHint.x
      value: 0
      objectReference: {fileID: 0}
    - target: {fileID: 492730, guid: 50026e929d1c3a7418b57158b30fae89, type: 3}
      propertyPath: m_LocalEulerAnglesHint.y
      value: 41.739002
      objectReference: {fileID: 0}
    - target: {fileID: 492730, guid: 50026e929d1c3a7418b57158b30fae89, type: 3}
      propertyPath: m_LocalEulerAnglesHint.z
      value: 0
      objectReference: {fileID: 0}
    m_RemovedComponents: []
  m_SourcePrefab: {fileID: 100100000, guid: 50026e929d1c3a7418b57158b30fae89, type: 3}
--- !u!4 &2870390535365924071 stripped
Transform:
  m_CorrespondingSourceObject: {fileID: 492730, guid: 50026e929d1c3a7418b57158b30fae89,
    type: 3}
  m_PrefabInstance: {fileID: 2870390535366283357}
  m_PrefabAsset: {fileID: 0}
--- !u!1001 &6559950650105231925
PrefabInstance:
  m_ObjectHideFlags: 0
  serializedVersion: 2
  m_Modification:
    m_TransformParent: {fileID: 2129877361956514581}
    m_Modifications:
    - target: {fileID: 147260, guid: b7695aba9d6366f41a3c685dd14f4f6b, type: 3}
      propertyPath: m_Name
      value: fe_vil_crate_pallet_large
      objectReference: {fileID: 0}
    - target: {fileID: 482416, guid: b7695aba9d6366f41a3c685dd14f4f6b, type: 3}
      propertyPath: m_LocalPosition.x
      value: 0.354
      objectReference: {fileID: 0}
    - target: {fileID: 482416, guid: b7695aba9d6366f41a3c685dd14f4f6b, type: 3}
      propertyPath: m_LocalPosition.y
      value: 0
      objectReference: {fileID: 0}
    - target: {fileID: 482416, guid: b7695aba9d6366f41a3c685dd14f4f6b, type: 3}
      propertyPath: m_LocalPosition.z
      value: -0.024
      objectReference: {fileID: 0}
    - target: {fileID: 482416, guid: b7695aba9d6366f41a3c685dd14f4f6b, type: 3}
      propertyPath: m_LocalRotation.x
      value: -0
      objectReference: {fileID: 0}
    - target: {fileID: 482416, guid: b7695aba9d6366f41a3c685dd14f4f6b, type: 3}
      propertyPath: m_LocalRotation.y
      value: 0.84244955
      objectReference: {fileID: 0}
    - target: {fileID: 482416, guid: b7695aba9d6366f41a3c685dd14f4f6b, type: 3}
      propertyPath: m_LocalRotation.z
      value: -0
      objectReference: {fileID: 0}
    - target: {fileID: 482416, guid: b7695aba9d6366f41a3c685dd14f4f6b, type: 3}
      propertyPath: m_LocalRotation.w
      value: 0.5387753
      objectReference: {fileID: 0}
    - target: {fileID: 482416, guid: b7695aba9d6366f41a3c685dd14f4f6b, type: 3}
      propertyPath: m_RootOrder
      value: 4
      objectReference: {fileID: 0}
    - target: {fileID: 482416, guid: b7695aba9d6366f41a3c685dd14f4f6b, type: 3}
      propertyPath: m_LocalEulerAnglesHint.x
      value: 0
      objectReference: {fileID: 0}
    - target: {fileID: 482416, guid: b7695aba9d6366f41a3c685dd14f4f6b, type: 3}
      propertyPath: m_LocalEulerAnglesHint.y
      value: 114.799
      objectReference: {fileID: 0}
    - target: {fileID: 482416, guid: b7695aba9d6366f41a3c685dd14f4f6b, type: 3}
      propertyPath: m_LocalEulerAnglesHint.z
      value: 0
      objectReference: {fileID: 0}
    m_RemovedComponents: []
  m_SourcePrefab: {fileID: 100100000, guid: b7695aba9d6366f41a3c685dd14f4f6b, type: 3}
--- !u!4 &6559950650105013829 stripped
Transform:
  m_CorrespondingSourceObject: {fileID: 482416, guid: b7695aba9d6366f41a3c685dd14f4f6b,
    type: 3}
  m_PrefabInstance: {fileID: 6559950650105231925}
  m_PrefabAsset: {fileID: 0}
--- !u!1001 &8447564488557676389
PrefabInstance:
  m_ObjectHideFlags: 0
  serializedVersion: 2
  m_Modification:
    m_TransformParent: {fileID: 2129877361956514581}
    m_Modifications:
    - target: {fileID: 111954, guid: 955fb785968427e4cb3cedbd203ef1a4, type: 3}
      propertyPath: m_Name
      value: fe_vil_wagons_brokenwag_wheel01lean
      objectReference: {fileID: 0}
    - target: {fileID: 444336, guid: 955fb785968427e4cb3cedbd203ef1a4, type: 3}
      propertyPath: m_LocalPosition.x
      value: -0.004
      objectReference: {fileID: 0}
    - target: {fileID: 444336, guid: 955fb785968427e4cb3cedbd203ef1a4, type: 3}
      propertyPath: m_LocalPosition.y
      value: 0
      objectReference: {fileID: 0}
    - target: {fileID: 444336, guid: 955fb785968427e4cb3cedbd203ef1a4, type: 3}
      propertyPath: m_LocalPosition.z
      value: 1.09
      objectReference: {fileID: 0}
    - target: {fileID: 444336, guid: 955fb785968427e4cb3cedbd203ef1a4, type: 3}
      propertyPath: m_LocalRotation.x
      value: -0
      objectReference: {fileID: 0}
    - target: {fileID: 444336, guid: 955fb785968427e4cb3cedbd203ef1a4, type: 3}
      propertyPath: m_LocalRotation.y
      value: -0.47530794
      objectReference: {fileID: 0}
    - target: {fileID: 444336, guid: 955fb785968427e4cb3cedbd203ef1a4, type: 3}
      propertyPath: m_LocalRotation.z
      value: -0
      objectReference: {fileID: 0}
    - target: {fileID: 444336, guid: 955fb785968427e4cb3cedbd203ef1a4, type: 3}
      propertyPath: m_LocalRotation.w
      value: 0.8798195
      objectReference: {fileID: 0}
    - target: {fileID: 444336, guid: 955fb785968427e4cb3cedbd203ef1a4, type: 3}
      propertyPath: m_RootOrder
      value: 6
      objectReference: {fileID: 0}
    - target: {fileID: 444336, guid: 955fb785968427e4cb3cedbd203ef1a4, type: 3}
      propertyPath: m_LocalEulerAnglesHint.x
      value: 0
      objectReference: {fileID: 0}
    - target: {fileID: 444336, guid: 955fb785968427e4cb3cedbd203ef1a4, type: 3}
      propertyPath: m_LocalEulerAnglesHint.y
      value: -56.759003
      objectReference: {fileID: 0}
    - target: {fileID: 444336, guid: 955fb785968427e4cb3cedbd203ef1a4, type: 3}
      propertyPath: m_LocalEulerAnglesHint.z
      value: 0
      objectReference: {fileID: 0}
    m_RemovedComponents: []
  m_SourcePrefab: {fileID: 100100000, guid: 955fb785968427e4cb3cedbd203ef1a4, type: 3}
--- !u!4 &8447564488557297877 stripped
Transform:
  m_CorrespondingSourceObject: {fileID: 444336, guid: 955fb785968427e4cb3cedbd203ef1a4,
    type: 3}
  m_PrefabInstance: {fileID: 8447564488557676389}
  m_PrefabAsset: {fileID: 0}
--- !u!1001 &8662838274271871173
PrefabInstance:
  m_ObjectHideFlags: 0
  serializedVersion: 2
  m_Modification:
    m_TransformParent: {fileID: 2129877361956514581}
    m_Modifications:
    - target: {fileID: 100000, guid: 60ef6eb4b88ce2c41b88b7b31cb351e9, type: 3}
      propertyPath: m_Name
      value: fi_vil_container_sack02x2
      objectReference: {fileID: 0}
    - target: {fileID: 400000, guid: 60ef6eb4b88ce2c41b88b7b31cb351e9, type: 3}
      propertyPath: m_LocalPosition.x
      value: 0.621
      objectReference: {fileID: 0}
    - target: {fileID: 400000, guid: 60ef6eb4b88ce2c41b88b7b31cb351e9, type: 3}
      propertyPath: m_LocalPosition.y
      value: 0.099995
      objectReference: {fileID: 0}
    - target: {fileID: 400000, guid: 60ef6eb4b88ce2c41b88b7b31cb351e9, type: 3}
      propertyPath: m_LocalPosition.z
      value: -0.029
      objectReference: {fileID: 0}
    - target: {fileID: 400000, guid: 60ef6eb4b88ce2c41b88b7b31cb351e9, type: 3}
      propertyPath: m_LocalRotation.x
      value: -0
      objectReference: {fileID: 0}
    - target: {fileID: 400000, guid: 60ef6eb4b88ce2c41b88b7b31cb351e9, type: 3}
      propertyPath: m_LocalRotation.y
      value: 0.7304057
      objectReference: {fileID: 0}
    - target: {fileID: 400000, guid: 60ef6eb4b88ce2c41b88b7b31cb351e9, type: 3}
      propertyPath: m_LocalRotation.z
      value: -0
      objectReference: {fileID: 0}
    - target: {fileID: 400000, guid: 60ef6eb4b88ce2c41b88b7b31cb351e9, type: 3}
      propertyPath: m_LocalRotation.w
      value: 0.68301356
      objectReference: {fileID: 0}
    - target: {fileID: 400000, guid: 60ef6eb4b88ce2c41b88b7b31cb351e9, type: 3}
      propertyPath: m_RootOrder
      value: 1
      objectReference: {fileID: 0}
    - target: {fileID: 400000, guid: 60ef6eb4b88ce2c41b88b7b31cb351e9, type: 3}
      propertyPath: m_LocalEulerAnglesHint.x
      value: 0
      objectReference: {fileID: 0}
    - target: {fileID: 400000, guid: 60ef6eb4b88ce2c41b88b7b31cb351e9, type: 3}
      propertyPath: m_LocalEulerAnglesHint.y
      value: 93.841
      objectReference: {fileID: 0}
    - target: {fileID: 400000, guid: 60ef6eb4b88ce2c41b88b7b31cb351e9, type: 3}
      propertyPath: m_LocalEulerAnglesHint.z
      value: 0
      objectReference: {fileID: 0}
    m_RemovedComponents: []
  m_SourcePrefab: {fileID: 100100000, guid: 60ef6eb4b88ce2c41b88b7b31cb351e9, type: 3}
--- !u!4 &8662838274272008773 stripped
Transform:
  m_CorrespondingSourceObject: {fileID: 400000, guid: 60ef6eb4b88ce2c41b88b7b31cb351e9,
    type: 3}
  m_PrefabInstance: {fileID: 8662838274271871173}
  m_PrefabAsset: {fileID: 0}
--- !u!1001 &8970330644119656275
PrefabInstance:
  m_ObjectHideFlags: 0
  serializedVersion: 2
  m_Modification:
    m_TransformParent: {fileID: 2129877361956514581}
    m_Modifications:
    - target: {fileID: 198752, guid: 7823e57245d2ee34d995f8236ebc7c73, type: 3}
      propertyPath: m_Name
      value: fe_vil_barrel_S1a
      objectReference: {fileID: 0}
    - target: {fileID: 466752, guid: 7823e57245d2ee34d995f8236ebc7c73, type: 3}
      propertyPath: m_LocalPosition.x
      value: 0.046
      objectReference: {fileID: 0}
    - target: {fileID: 466752, guid: 7823e57245d2ee34d995f8236ebc7c73, type: 3}
      propertyPath: m_LocalPosition.y
      value: 0.099995
      objectReference: {fileID: 0}
    - target: {fileID: 466752, guid: 7823e57245d2ee34d995f8236ebc7c73, type: 3}
      propertyPath: m_LocalPosition.z
      value: -0.132
      objectReference: {fileID: 0}
    - target: {fileID: 466752, guid: 7823e57245d2ee34d995f8236ebc7c73, type: 3}
      propertyPath: m_LocalRotation.x
      value: -0
      objectReference: {fileID: 0}
    - target: {fileID: 466752, guid: 7823e57245d2ee34d995f8236ebc7c73, type: 3}
      propertyPath: m_LocalRotation.y
      value: -0
      objectReference: {fileID: 0}
    - target: {fileID: 466752, guid: 7823e57245d2ee34d995f8236ebc7c73, type: 3}
      propertyPath: m_LocalRotation.z
      value: -0
      objectReference: {fileID: 0}
    - target: {fileID: 466752, guid: 7823e57245d2ee34d995f8236ebc7c73, type: 3}
      propertyPath: m_LocalRotation.w
      value: 1
      objectReference: {fileID: 0}
    - target: {fileID: 466752, guid: 7823e57245d2ee34d995f8236ebc7c73, type: 3}
      propertyPath: m_RootOrder
      value: 3
      objectReference: {fileID: 0}
    - target: {fileID: 466752, guid: 7823e57245d2ee34d995f8236ebc7c73, type: 3}
      propertyPath: m_LocalEulerAnglesHint.x
      value: 0
      objectReference: {fileID: 0}
    - target: {fileID: 466752, guid: 7823e57245d2ee34d995f8236ebc7c73, type: 3}
      propertyPath: m_LocalEulerAnglesHint.y
      value: 0
      objectReference: {fileID: 0}
    - target: {fileID: 466752, guid: 7823e57245d2ee34d995f8236ebc7c73, type: 3}
      propertyPath: m_LocalEulerAnglesHint.z
      value: 0
      objectReference: {fileID: 0}
    m_RemovedComponents: []
  m_SourcePrefab: {fileID: 100100000, guid: 7823e57245d2ee34d995f8236ebc7c73, type: 3}
--- !u!4 &8970330644119455763 stripped
Transform:
  m_CorrespondingSourceObject: {fileID: 466752, guid: 7823e57245d2ee34d995f8236ebc7c73,
    type: 3}
  m_PrefabInstance: {fileID: 8970330644119656275}
  m_PrefabAsset: {fileID: 0}
