%YAML 1.1
%TAG !u! tag:unity3d.com,2011:
--- !u!1 &3054423192489411644
GameObject:
  m_ObjectHideFlags: 0
  m_CorrespondingSourceObject: {fileID: 0}
  m_PrefabInstance: {fileID: 0}
  m_PrefabAsset: {fileID: 0}
  serializedVersion: 6
  m_Component:
  - component: {fileID: 3054423192489411645}
  m_Layer: 0
  m_Name: PenSet03C
  m_TagString: Untagged
  m_Icon: {fileID: 0}
  m_NavMeshLayer: 0
  m_StaticEditorFlags: 0
  m_IsActive: 1
--- !u!4 &3054423192489411645
Transform:
  m_ObjectHideFlags: 0
  m_CorrespondingSourceObject: {fileID: 0}
  m_PrefabInstance: {fileID: 0}
  m_PrefabAsset: {fileID: 0}
  m_GameObject: {fileID: 3054423192489411644}
  m_LocalRotation: {x: 0, y: 0, z: 0, w: 1}
  m_LocalPosition: {x: 0, y: 0, z: 0}
  m_LocalScale: {x: 1, y: 1, z: 1}
  m_Children:
  - {fileID: 867444347080879976}
  - {fileID: 7946996091916958802}
  - {fileID: 918535925060697750}
  - {fileID: 9215476835260899153}
  - {fileID: 3139285774802052197}
  - {fileID: 1409098869799382219}
  - {fileID: 233417142355014241}
  - {fileID: 6188471034615981933}
  - {fileID: 1596224728564057519}
  - {fileID: 846755051022180491}
  - {fileID: 8446893739799790633}
  - {fileID: 499028843576286206}
  - {fileID: 1070162693661770826}
  - {fileID: 4394235546561515251}
  - {fileID: 5508539587655942553}
  - {fileID: 1142271155075858646}
  - {fileID: 6905547131109739487}
  m_Father: {fileID: 0}
  m_RootOrder: 0
  m_LocalEulerAnglesHint: {x: 0, y: 0, z: 0}
--- !u!1 &9103128300052147743
GameObject:
  m_ObjectHideFlags: 0
  m_CorrespondingSourceObject: {fileID: 0}
  m_PrefabInstance: {fileID: 0}
  m_PrefabAsset: {fileID: 0}
  serializedVersion: 6
  m_Component:
  - component: {fileID: 6905547131109739487}
  m_Layer: 0
  m_Name: Props
  m_TagString: Untagged
  m_Icon: {fileID: 0}
  m_NavMeshLayer: 0
  m_StaticEditorFlags: 0
  m_IsActive: 1
--- !u!4 &6905547131109739487
Transform:
  m_ObjectHideFlags: 0
  m_CorrespondingSourceObject: {fileID: 0}
  m_PrefabInstance: {fileID: 0}
  m_PrefabAsset: {fileID: 0}
  m_GameObject: {fileID: 9103128300052147743}
  m_LocalRotation: {x: -0, y: -0, z: -0, w: 1}
  m_LocalPosition: {x: 0, y: 0, z: 0}
  m_LocalScale: {x: 1, y: 1, z: 1}
  m_Children:
  - {fileID: 8464296854690741088}
  - {fileID: 4289155880260848735}
  - {fileID: 1575546298761997412}
  - {fileID: 938040213361415983}
  - {fileID: 42116931986067653}
  - {fileID: 1398505905404982782}
  - {fileID: 7943324808251529735}
  - {fileID: 6038136762883433939}
  - {fileID: 3203492736775595545}
  - {fileID: 981477181787146567}
  - {fileID: 1855930123704017573}
  - {fileID: 2891731790741798876}
  - {fileID: 700429747330806438}
  - {fileID: 4915026906025220913}
  - {fileID: 5837613699815572965}
  - {fileID: 5213909958471829512}
  - {fileID: 6822584033910856960}
  - {fileID: 7741731002799269280}
  m_Father: {fileID: 3054423192489411645}
  m_RootOrder: 16
  m_LocalEulerAnglesHint: {x: 0, y: 0, z: 0}
--- !u!1001 &42116931985691679
PrefabInstance:
  m_ObjectHideFlags: 0
  serializedVersion: 2
  m_Modification:
    m_TransformParent: {fileID: 6905547131109739487}
    m_Modifications:
    - target: {fileID: 145404, guid: 3f2e6d8fd44a00b498d7bf2b87405c94, type: 3}
      propertyPath: m_Name
      value: fe_vil_crate_04a
      objectReference: {fileID: 0}
    - target: {fileID: 410842, guid: 3f2e6d8fd44a00b498d7bf2b87405c94, type: 3}
      propertyPath: m_LocalPosition.x
      value: 4.473866
      objectReference: {fileID: 0}
    - target: {fileID: 410842, guid: 3f2e6d8fd44a00b498d7bf2b87405c94, type: 3}
      propertyPath: m_LocalPosition.y
      value: 0
      objectReference: {fileID: 0}
    - target: {fileID: 410842, guid: 3f2e6d8fd44a00b498d7bf2b87405c94, type: 3}
      propertyPath: m_LocalPosition.z
      value: 3.1016417
      objectReference: {fileID: 0}
    - target: {fileID: 410842, guid: 3f2e6d8fd44a00b498d7bf2b87405c94, type: 3}
      propertyPath: m_LocalRotation.x
      value: -0
      objectReference: {fileID: 0}
    - target: {fileID: 410842, guid: 3f2e6d8fd44a00b498d7bf2b87405c94, type: 3}
      propertyPath: m_LocalRotation.y
      value: -0.15887569
      objectReference: {fileID: 0}
    - target: {fileID: 410842, guid: 3f2e6d8fd44a00b498d7bf2b87405c94, type: 3}
      propertyPath: m_LocalRotation.z
      value: -0
      objectReference: {fileID: 0}
    - target: {fileID: 410842, guid: 3f2e6d8fd44a00b498d7bf2b87405c94, type: 3}
      propertyPath: m_LocalRotation.w
      value: 0.98729867
      objectReference: {fileID: 0}
    - target: {fileID: 410842, guid: 3f2e6d8fd44a00b498d7bf2b87405c94, type: 3}
      propertyPath: m_RootOrder
      value: 4
      objectReference: {fileID: 0}
    - target: {fileID: 410842, guid: 3f2e6d8fd44a00b498d7bf2b87405c94, type: 3}
      propertyPath: m_LocalEulerAnglesHint.x
      value: 0
      objectReference: {fileID: 0}
    - target: {fileID: 410842, guid: 3f2e6d8fd44a00b498d7bf2b87405c94, type: 3}
      propertyPath: m_LocalEulerAnglesHint.y
      value: -18.283
      objectReference: {fileID: 0}
    - target: {fileID: 410842, guid: 3f2e6d8fd44a00b498d7bf2b87405c94, type: 3}
      propertyPath: m_LocalEulerAnglesHint.z
      value: 0
      objectReference: {fileID: 0}
    m_RemovedComponents: []
  m_SourcePrefab: {fileID: 100100000, guid: 3f2e6d8fd44a00b498d7bf2b87405c94, type: 3}
--- !u!4 &42116931986067653 stripped
Transform:
  m_CorrespondingSourceObject: {fileID: 410842, guid: 3f2e6d8fd44a00b498d7bf2b87405c94,
    type: 3}
  m_PrefabInstance: {fileID: 42116931985691679}
  m_PrefabAsset: {fileID: 0}
--- !u!1001 &233417142354618593
PrefabInstance:
  m_ObjectHideFlags: 0
  serializedVersion: 2
  m_Modification:
    m_TransformParent: {fileID: 3054423192489411645}
    m_Modifications:
    - target: {fileID: 100000, guid: b632c0fc9ae96dc419ffc0503f0109ca, type: 3}
      propertyPath: m_Name
      value: fi_vil_woven01_03
      objectReference: {fileID: 0}
    - target: {fileID: 400000, guid: b632c0fc9ae96dc419ffc0503f0109ca, type: 3}
      propertyPath: m_LocalPosition.x
      value: -0.9820001
      objectReference: {fileID: 0}
    - target: {fileID: 400000, guid: b632c0fc9ae96dc419ffc0503f0109ca, type: 3}
      propertyPath: m_LocalPosition.y
      value: 0
      objectReference: {fileID: 0}
    - target: {fileID: 400000, guid: b632c0fc9ae96dc419ffc0503f0109ca, type: 3}
      propertyPath: m_LocalPosition.z
      value: 4.059
      objectReference: {fileID: 0}
    - target: {fileID: 400000, guid: b632c0fc9ae96dc419ffc0503f0109ca, type: 3}
      propertyPath: m_LocalRotation.x
      value: -0
      objectReference: {fileID: 0}
    - target: {fileID: 400000, guid: b632c0fc9ae96dc419ffc0503f0109ca, type: 3}
      propertyPath: m_LocalRotation.y
      value: -0.70710576
      objectReference: {fileID: 0}
    - target: {fileID: 400000, guid: b632c0fc9ae96dc419ffc0503f0109ca, type: 3}
      propertyPath: m_LocalRotation.z
      value: -0
      objectReference: {fileID: 0}
    - target: {fileID: 400000, guid: b632c0fc9ae96dc419ffc0503f0109ca, type: 3}
      propertyPath: m_LocalRotation.w
      value: 0.70710784
      objectReference: {fileID: 0}
    - target: {fileID: 400000, guid: b632c0fc9ae96dc419ffc0503f0109ca, type: 3}
      propertyPath: m_RootOrder
      value: 6
      objectReference: {fileID: 0}
    - target: {fileID: 400000, guid: b632c0fc9ae96dc419ffc0503f0109ca, type: 3}
      propertyPath: m_LocalEulerAnglesHint.x
      value: 0
      objectReference: {fileID: 0}
    - target: {fileID: 400000, guid: b632c0fc9ae96dc419ffc0503f0109ca, type: 3}
      propertyPath: m_LocalEulerAnglesHint.y
      value: -90.00001
      objectReference: {fileID: 0}
    - target: {fileID: 400000, guid: b632c0fc9ae96dc419ffc0503f0109ca, type: 3}
      propertyPath: m_LocalEulerAnglesHint.z
      value: 0
      objectReference: {fileID: 0}
    m_RemovedComponents: []
  m_SourcePrefab: {fileID: 100100000, guid: b632c0fc9ae96dc419ffc0503f0109ca, type: 3}
--- !u!4 &233417142355014241 stripped
Transform:
  m_CorrespondingSourceObject: {fileID: 400000, guid: b632c0fc9ae96dc419ffc0503f0109ca,
    type: 3}
  m_PrefabInstance: {fileID: 233417142354618593}
  m_PrefabAsset: {fileID: 0}
--- !u!1001 &499028843576672638
PrefabInstance:
  m_ObjectHideFlags: 0
  serializedVersion: 2
  m_Modification:
    m_TransformParent: {fileID: 3054423192489411645}
    m_Modifications:
    - target: {fileID: 100000, guid: b632c0fc9ae96dc419ffc0503f0109ca, type: 3}
      propertyPath: m_Name
      value: fi_vil_woven01_03
      objectReference: {fileID: 0}
    - target: {fileID: 400000, guid: b632c0fc9ae96dc419ffc0503f0109ca, type: 3}
      propertyPath: m_LocalPosition.x
      value: 3.014
      objectReference: {fileID: 0}
    - target: {fileID: 400000, guid: b632c0fc9ae96dc419ffc0503f0109ca, type: 3}
      propertyPath: m_LocalPosition.y
      value: -0.053
      objectReference: {fileID: 0}
    - target: {fileID: 400000, guid: b632c0fc9ae96dc419ffc0503f0109ca, type: 3}
      propertyPath: m_LocalPosition.z
      value: 4.059
      objectReference: {fileID: 0}
    - target: {fileID: 400000, guid: b632c0fc9ae96dc419ffc0503f0109ca, type: 3}
      propertyPath: m_LocalRotation.x
      value: -0.023051852
      objectReference: {fileID: 0}
    - target: {fileID: 400000, guid: b632c0fc9ae96dc419ffc0503f0109ca, type: 3}
      propertyPath: m_LocalRotation.y
      value: -0.7067299
      objectReference: {fileID: 0}
    - target: {fileID: 400000, guid: b632c0fc9ae96dc419ffc0503f0109ca, type: 3}
      propertyPath: m_LocalRotation.z
      value: -0.023051918
      objectReference: {fileID: 0}
    - target: {fileID: 400000, guid: b632c0fc9ae96dc419ffc0503f0109ca, type: 3}
      propertyPath: m_LocalRotation.w
      value: 0.706732
      objectReference: {fileID: 0}
    - target: {fileID: 400000, guid: b632c0fc9ae96dc419ffc0503f0109ca, type: 3}
      propertyPath: m_RootOrder
      value: 11
      objectReference: {fileID: 0}
    - target: {fileID: 400000, guid: b632c0fc9ae96dc419ffc0503f0109ca, type: 3}
      propertyPath: m_LocalEulerAnglesHint.x
      value: -3.736
      objectReference: {fileID: 0}
    - target: {fileID: 400000, guid: b632c0fc9ae96dc419ffc0503f0109ca, type: 3}
      propertyPath: m_LocalEulerAnglesHint.y
      value: -90.00001
      objectReference: {fileID: 0}
    - target: {fileID: 400000, guid: b632c0fc9ae96dc419ffc0503f0109ca, type: 3}
      propertyPath: m_LocalEulerAnglesHint.z
      value: 0
      objectReference: {fileID: 0}
    m_RemovedComponents: []
  m_SourcePrefab: {fileID: 100100000, guid: b632c0fc9ae96dc419ffc0503f0109ca, type: 3}
--- !u!4 &499028843576286206 stripped
Transform:
  m_CorrespondingSourceObject: {fileID: 400000, guid: b632c0fc9ae96dc419ffc0503f0109ca,
    type: 3}
  m_PrefabInstance: {fileID: 499028843576672638}
  m_PrefabAsset: {fileID: 0}
--- !u!1001 &700429747330672678
PrefabInstance:
  m_ObjectHideFlags: 0
  serializedVersion: 2
  m_Modification:
    m_TransformParent: {fileID: 6905547131109739487}
    m_Modifications:
    - target: {fileID: 100000, guid: 1759a44a76a7a7542b3ac556fc3e97d7, type: 3}
      propertyPath: m_Name
      value: fi_vil_container_sack03_grain_leaning
      objectReference: {fileID: 0}
    - target: {fileID: 400000, guid: 1759a44a76a7a7542b3ac556fc3e97d7, type: 3}
      propertyPath: m_LocalPosition.x
      value: -4.417
      objectReference: {fileID: 0}
    - target: {fileID: 400000, guid: 1759a44a76a7a7542b3ac556fc3e97d7, type: 3}
      propertyPath: m_LocalPosition.y
      value: 0
      objectReference: {fileID: 0}
    - target: {fileID: 400000, guid: 1759a44a76a7a7542b3ac556fc3e97d7, type: 3}
      propertyPath: m_LocalPosition.z
      value: -2.969
      objectReference: {fileID: 0}
    - target: {fileID: 400000, guid: 1759a44a76a7a7542b3ac556fc3e97d7, type: 3}
      propertyPath: m_LocalRotation.x
      value: -0
      objectReference: {fileID: 0}
    - target: {fileID: 400000, guid: 1759a44a76a7a7542b3ac556fc3e97d7, type: 3}
      propertyPath: m_LocalRotation.y
      value: -0.18258552
      objectReference: {fileID: 0}
    - target: {fileID: 400000, guid: 1759a44a76a7a7542b3ac556fc3e97d7, type: 3}
      propertyPath: m_LocalRotation.z
      value: -0
      objectReference: {fileID: 0}
    - target: {fileID: 400000, guid: 1759a44a76a7a7542b3ac556fc3e97d7, type: 3}
      propertyPath: m_LocalRotation.w
      value: 0.98319
      objectReference: {fileID: 0}
    - target: {fileID: 400000, guid: 1759a44a76a7a7542b3ac556fc3e97d7, type: 3}
      propertyPath: m_RootOrder
      value: 12
      objectReference: {fileID: 0}
    - target: {fileID: 400000, guid: 1759a44a76a7a7542b3ac556fc3e97d7, type: 3}
      propertyPath: m_LocalEulerAnglesHint.x
      value: 0
      objectReference: {fileID: 0}
    - target: {fileID: 400000, guid: 1759a44a76a7a7542b3ac556fc3e97d7, type: 3}
      propertyPath: m_LocalEulerAnglesHint.y
      value: -21.041
      objectReference: {fileID: 0}
    - target: {fileID: 400000, guid: 1759a44a76a7a7542b3ac556fc3e97d7, type: 3}
      propertyPath: m_LocalEulerAnglesHint.z
      value: 0
      objectReference: {fileID: 0}
    m_RemovedComponents: []
  m_SourcePrefab: {fileID: 100100000, guid: 1759a44a76a7a7542b3ac556fc3e97d7, type: 3}
--- !u!4 &700429747330806438 stripped
Transform:
  m_CorrespondingSourceObject: {fileID: 400000, guid: 1759a44a76a7a7542b3ac556fc3e97d7,
    type: 3}
  m_PrefabInstance: {fileID: 700429747330672678}
  m_PrefabAsset: {fileID: 0}
--- !u!1001 &846755051022580235
PrefabInstance:
  m_ObjectHideFlags: 0
  serializedVersion: 2
  m_Modification:
    m_TransformParent: {fileID: 3054423192489411645}
    m_Modifications:
    - target: {fileID: 100000, guid: 0c64ca4d34a30744493b0c9585bad689, type: 3}
      propertyPath: m_Name
      value: fi_vil_woven01_05
      objectReference: {fileID: 0}
    - target: {fileID: 400000, guid: 0c64ca4d34a30744493b0c9585bad689, type: 3}
      propertyPath: m_LocalPosition.x
      value: -3.0970001
      objectReference: {fileID: 0}
    - target: {fileID: 400000, guid: 0c64ca4d34a30744493b0c9585bad689, type: 3}
      propertyPath: m_LocalPosition.y
      value: -0.135
      objectReference: {fileID: 0}
    - target: {fileID: 400000, guid: 0c64ca4d34a30744493b0c9585bad689, type: 3}
      propertyPath: m_LocalPosition.z
      value: -4.0950003
      objectReference: {fileID: 0}
    - target: {fileID: 400000, guid: 0c64ca4d34a30744493b0c9585bad689, type: 3}
      propertyPath: m_LocalRotation.x
      value: -0
      objectReference: {fileID: 0}
    - target: {fileID: 400000, guid: 0c64ca4d34a30744493b0c9585bad689, type: 3}
      propertyPath: m_LocalRotation.y
      value: -0.70710576
      objectReference: {fileID: 0}
    - target: {fileID: 400000, guid: 0c64ca4d34a30744493b0c9585bad689, type: 3}
      propertyPath: m_LocalRotation.z
      value: -0
      objectReference: {fileID: 0}
    - target: {fileID: 400000, guid: 0c64ca4d34a30744493b0c9585bad689, type: 3}
      propertyPath: m_LocalRotation.w
      value: 0.70710784
      objectReference: {fileID: 0}
    - target: {fileID: 400000, guid: 0c64ca4d34a30744493b0c9585bad689, type: 3}
      propertyPath: m_RootOrder
      value: 9
      objectReference: {fileID: 0}
    - target: {fileID: 400000, guid: 0c64ca4d34a30744493b0c9585bad689, type: 3}
      propertyPath: m_LocalEulerAnglesHint.x
      value: 0
      objectReference: {fileID: 0}
    - target: {fileID: 400000, guid: 0c64ca4d34a30744493b0c9585bad689, type: 3}
      propertyPath: m_LocalEulerAnglesHint.y
      value: -90.00001
      objectReference: {fileID: 0}
    - target: {fileID: 400000, guid: 0c64ca4d34a30744493b0c9585bad689, type: 3}
      propertyPath: m_LocalEulerAnglesHint.z
      value: 0
      objectReference: {fileID: 0}
    m_RemovedComponents: []
  m_SourcePrefab: {fileID: 100100000, guid: 0c64ca4d34a30744493b0c9585bad689, type: 3}
--- !u!4 &846755051022180491 stripped
Transform:
  m_CorrespondingSourceObject: {fileID: 400000, guid: 0c64ca4d34a30744493b0c9585bad689,
    type: 3}
  m_PrefabInstance: {fileID: 846755051022580235}
  m_PrefabAsset: {fileID: 0}
--- !u!1001 &867444347080750568
PrefabInstance:
  m_ObjectHideFlags: 0
  serializedVersion: 2
  m_Modification:
    m_TransformParent: {fileID: 3054423192489411645}
    m_Modifications:
    - target: {fileID: 100000, guid: df9dc56be5718d543a49ee5c1212b460, type: 3}
      propertyPath: m_Name
      value: fi_vil_woven01_01
      objectReference: {fileID: 0}
    - target: {fileID: 400000, guid: df9dc56be5718d543a49ee5c1212b460, type: 3}
      propertyPath: m_LocalPosition.x
      value: 4.0389996
      objectReference: {fileID: 0}
    - target: {fileID: 400000, guid: df9dc56be5718d543a49ee5c1212b460, type: 3}
      propertyPath: m_LocalPosition.y
      value: -0.088
      objectReference: {fileID: 0}
    - target: {fileID: 400000, guid: df9dc56be5718d543a49ee5c1212b460, type: 3}
      propertyPath: m_LocalPosition.z
      value: -3.004
      objectReference: {fileID: 0}
    - target: {fileID: 400000, guid: df9dc56be5718d543a49ee5c1212b460, type: 3}
      propertyPath: m_LocalRotation.x
      value: -0
      objectReference: {fileID: 0}
    - target: {fileID: 400000, guid: df9dc56be5718d543a49ee5c1212b460, type: 3}
      propertyPath: m_LocalRotation.y
      value: -0
      objectReference: {fileID: 0}
    - target: {fileID: 400000, guid: df9dc56be5718d543a49ee5c1212b460, type: 3}
      propertyPath: m_LocalRotation.z
      value: -0
      objectReference: {fileID: 0}
    - target: {fileID: 400000, guid: df9dc56be5718d543a49ee5c1212b460, type: 3}
      propertyPath: m_LocalRotation.w
      value: 1
      objectReference: {fileID: 0}
    - target: {fileID: 400000, guid: df9dc56be5718d543a49ee5c1212b460, type: 3}
      propertyPath: m_RootOrder
      value: 0
      objectReference: {fileID: 0}
    - target: {fileID: 400000, guid: df9dc56be5718d543a49ee5c1212b460, type: 3}
      propertyPath: m_LocalEulerAnglesHint.x
      value: 0
      objectReference: {fileID: 0}
    - target: {fileID: 400000, guid: df9dc56be5718d543a49ee5c1212b460, type: 3}
      propertyPath: m_LocalEulerAnglesHint.y
      value: 0
      objectReference: {fileID: 0}
    - target: {fileID: 400000, guid: df9dc56be5718d543a49ee5c1212b460, type: 3}
      propertyPath: m_LocalEulerAnglesHint.z
      value: 0
      objectReference: {fileID: 0}
    m_RemovedComponents: []
  m_SourcePrefab: {fileID: 100100000, guid: df9dc56be5718d543a49ee5c1212b460, type: 3}
--- !u!4 &867444347080879976 stripped
Transform:
  m_CorrespondingSourceObject: {fileID: 400000, guid: df9dc56be5718d543a49ee5c1212b460,
    type: 3}
  m_PrefabInstance: {fileID: 867444347080750568}
  m_PrefabAsset: {fileID: 0}
--- !u!1001 &918535925060559894
PrefabInstance:
  m_ObjectHideFlags: 0
  serializedVersion: 2
  m_Modification:
    m_TransformParent: {fileID: 3054423192489411645}
    m_Modifications:
    - target: {fileID: 100000, guid: 73b54439efa5aba458d68603a329f9f2, type: 3}
      propertyPath: m_Name
      value: fi_vil_woven01_11
      objectReference: {fileID: 0}
    - target: {fileID: 400000, guid: 73b54439efa5aba458d68603a329f9f2, type: 3}
      propertyPath: m_LocalPosition.x
      value: -4.11
      objectReference: {fileID: 0}
    - target: {fileID: 400000, guid: 73b54439efa5aba458d68603a329f9f2, type: 3}
      propertyPath: m_LocalPosition.y
      value: 0
      objectReference: {fileID: 0}
    - target: {fileID: 400000, guid: 73b54439efa5aba458d68603a329f9f2, type: 3}
      propertyPath: m_LocalPosition.z
      value: 2.988
      objectReference: {fileID: 0}
    - target: {fileID: 400000, guid: 73b54439efa5aba458d68603a329f9f2, type: 3}
      propertyPath: m_LocalRotation.x
      value: -0
      objectReference: {fileID: 0}
    - target: {fileID: 400000, guid: 73b54439efa5aba458d68603a329f9f2, type: 3}
      propertyPath: m_LocalRotation.y
      value: -0
      objectReference: {fileID: 0}
    - target: {fileID: 400000, guid: 73b54439efa5aba458d68603a329f9f2, type: 3}
      propertyPath: m_LocalRotation.z
      value: -0
      objectReference: {fileID: 0}
    - target: {fileID: 400000, guid: 73b54439efa5aba458d68603a329f9f2, type: 3}
      propertyPath: m_LocalRotation.w
      value: 1
      objectReference: {fileID: 0}
    - target: {fileID: 400000, guid: 73b54439efa5aba458d68603a329f9f2, type: 3}
      propertyPath: m_RootOrder
      value: 2
      objectReference: {fileID: 0}
    - target: {fileID: 400000, guid: 73b54439efa5aba458d68603a329f9f2, type: 3}
      propertyPath: m_LocalEulerAnglesHint.x
      value: 0
      objectReference: {fileID: 0}
    - target: {fileID: 400000, guid: 73b54439efa5aba458d68603a329f9f2, type: 3}
      propertyPath: m_LocalEulerAnglesHint.y
      value: 0
      objectReference: {fileID: 0}
    - target: {fileID: 400000, guid: 73b54439efa5aba458d68603a329f9f2, type: 3}
      propertyPath: m_LocalEulerAnglesHint.z
      value: 0
      objectReference: {fileID: 0}
    m_RemovedComponents: []
  m_SourcePrefab: {fileID: 100100000, guid: 73b54439efa5aba458d68603a329f9f2, type: 3}
--- !u!4 &918535925060697750 stripped
Transform:
  m_CorrespondingSourceObject: {fileID: 400000, guid: 73b54439efa5aba458d68603a329f9f2,
    type: 3}
  m_PrefabInstance: {fileID: 918535925060559894}
  m_PrefabAsset: {fileID: 0}
--- !u!1001 &938040213361812671
PrefabInstance:
  m_ObjectHideFlags: 0
  serializedVersion: 2
  m_Modification:
    m_TransformParent: {fileID: 6905547131109739487}
    m_Modifications:
    - target: {fileID: 139802, guid: 0c50a3b0557179d409d7ede1aee7d6a2, type: 3}
      propertyPath: m_Name
      value: fe_vil_crate_03c
      objectReference: {fileID: 0}
    - target: {fileID: 406416, guid: 0c50a3b0557179d409d7ede1aee7d6a2, type: 3}
      propertyPath: m_LocalPosition.x
      value: 4.472
      objectReference: {fileID: 0}
    - target: {fileID: 406416, guid: 0c50a3b0557179d409d7ede1aee7d6a2, type: 3}
      propertyPath: m_LocalPosition.y
      value: 0
      objectReference: {fileID: 0}
    - target: {fileID: 406416, guid: 0c50a3b0557179d409d7ede1aee7d6a2, type: 3}
      propertyPath: m_LocalPosition.z
      value: -1.376
      objectReference: {fileID: 0}
    - target: {fileID: 406416, guid: 0c50a3b0557179d409d7ede1aee7d6a2, type: 3}
      propertyPath: m_LocalRotation.x
      value: -0
      objectReference: {fileID: 0}
    - target: {fileID: 406416, guid: 0c50a3b0557179d409d7ede1aee7d6a2, type: 3}
      propertyPath: m_LocalRotation.y
      value: -0.54953706
      objectReference: {fileID: 0}
    - target: {fileID: 406416, guid: 0c50a3b0557179d409d7ede1aee7d6a2, type: 3}
      propertyPath: m_LocalRotation.z
      value: -0
      objectReference: {fileID: 0}
    - target: {fileID: 406416, guid: 0c50a3b0557179d409d7ede1aee7d6a2, type: 3}
      propertyPath: m_LocalRotation.w
      value: 0.8354694
      objectReference: {fileID: 0}
    - target: {fileID: 406416, guid: 0c50a3b0557179d409d7ede1aee7d6a2, type: 3}
      propertyPath: m_RootOrder
      value: 3
      objectReference: {fileID: 0}
    - target: {fileID: 406416, guid: 0c50a3b0557179d409d7ede1aee7d6a2, type: 3}
      propertyPath: m_LocalEulerAnglesHint.x
      value: 0
      objectReference: {fileID: 0}
    - target: {fileID: 406416, guid: 0c50a3b0557179d409d7ede1aee7d6a2, type: 3}
      propertyPath: m_LocalEulerAnglesHint.y
      value: -66.671005
      objectReference: {fileID: 0}
    - target: {fileID: 406416, guid: 0c50a3b0557179d409d7ede1aee7d6a2, type: 3}
      propertyPath: m_LocalEulerAnglesHint.z
      value: 0
      objectReference: {fileID: 0}
    m_RemovedComponents: []
  m_SourcePrefab: {fileID: 100100000, guid: 0c50a3b0557179d409d7ede1aee7d6a2, type: 3}
--- !u!4 &938040213361415983 stripped
Transform:
  m_CorrespondingSourceObject: {fileID: 406416, guid: 0c50a3b0557179d409d7ede1aee7d6a2,
    type: 3}
  m_PrefabInstance: {fileID: 938040213361812671}
  m_PrefabAsset: {fileID: 0}
--- !u!1001 &981477181787323113
PrefabInstance:
  m_ObjectHideFlags: 0
  serializedVersion: 2
  m_Modification:
    m_TransformParent: {fileID: 6905547131109739487}
    m_Modifications:
    - target: {fileID: 114000, guid: 61b2309c6a9086940900bc53bfd82669, type: 3}
      propertyPath: m_Name
      value: fe_vil_barrel_L4b
      objectReference: {fileID: 0}
    - target: {fileID: 439214, guid: 61b2309c6a9086940900bc53bfd82669, type: 3}
      propertyPath: m_LocalPosition.x
      value: -1.24
      objectReference: {fileID: 0}
    - target: {fileID: 439214, guid: 61b2309c6a9086940900bc53bfd82669, type: 3}
      propertyPath: m_LocalPosition.y
      value: 0
      objectReference: {fileID: 0}
    - target: {fileID: 439214, guid: 61b2309c6a9086940900bc53bfd82669, type: 3}
      propertyPath: m_LocalPosition.z
      value: 4.66
      objectReference: {fileID: 0}
    - target: {fileID: 439214, guid: 61b2309c6a9086940900bc53bfd82669, type: 3}
      propertyPath: m_LocalRotation.x
      value: -0
      objectReference: {fileID: 0}
    - target: {fileID: 439214, guid: 61b2309c6a9086940900bc53bfd82669, type: 3}
      propertyPath: m_LocalRotation.y
      value: -0
      objectReference: {fileID: 0}
    - target: {fileID: 439214, guid: 61b2309c6a9086940900bc53bfd82669, type: 3}
      propertyPath: m_LocalRotation.z
      value: -0
      objectReference: {fileID: 0}
    - target: {fileID: 439214, guid: 61b2309c6a9086940900bc53bfd82669, type: 3}
      propertyPath: m_LocalRotation.w
      value: 1
      objectReference: {fileID: 0}
    - target: {fileID: 439214, guid: 61b2309c6a9086940900bc53bfd82669, type: 3}
      propertyPath: m_RootOrder
      value: 9
      objectReference: {fileID: 0}
    - target: {fileID: 439214, guid: 61b2309c6a9086940900bc53bfd82669, type: 3}
      propertyPath: m_LocalEulerAnglesHint.x
      value: 0
      objectReference: {fileID: 0}
    - target: {fileID: 439214, guid: 61b2309c6a9086940900bc53bfd82669, type: 3}
      propertyPath: m_LocalEulerAnglesHint.y
      value: 0
      objectReference: {fileID: 0}
    - target: {fileID: 439214, guid: 61b2309c6a9086940900bc53bfd82669, type: 3}
      propertyPath: m_LocalEulerAnglesHint.z
      value: 0
      objectReference: {fileID: 0}
    m_RemovedComponents: []
  m_SourcePrefab: {fileID: 100100000, guid: 61b2309c6a9086940900bc53bfd82669, type: 3}
--- !u!4 &981477181787146567 stripped
Transform:
  m_CorrespondingSourceObject: {fileID: 439214, guid: 61b2309c6a9086940900bc53bfd82669,
    type: 3}
  m_PrefabInstance: {fileID: 981477181787323113}
  m_PrefabAsset: {fileID: 0}
--- !u!1001 &1070162693661646538
PrefabInstance:
  m_ObjectHideFlags: 0
  serializedVersion: 2
  m_Modification:
    m_TransformParent: {fileID: 3054423192489411645}
    m_Modifications:
    - target: {fileID: 100000, guid: 73b54439efa5aba458d68603a329f9f2, type: 3}
      propertyPath: m_Name
      value: fi_vil_woven01_11
      objectReference: {fileID: 0}
    - target: {fileID: 400000, guid: 73b54439efa5aba458d68603a329f9f2, type: 3}
      propertyPath: m_LocalPosition.x
      value: 4.048
      objectReference: {fileID: 0}
    - target: {fileID: 400000, guid: 73b54439efa5aba458d68603a329f9f2, type: 3}
      propertyPath: m_LocalPosition.y
      value: 0.136
      objectReference: {fileID: 0}
    - target: {fileID: 400000, guid: 73b54439efa5aba458d68603a329f9f2, type: 3}
      propertyPath: m_LocalPosition.z
      value: 0.939
      objectReference: {fileID: 0}
    - target: {fileID: 400000, guid: 73b54439efa5aba458d68603a329f9f2, type: 3}
      propertyPath: m_LocalRotation.x
      value: 0.003585167
      objectReference: {fileID: 0}
    - target: {fileID: 400000, guid: 73b54439efa5aba458d68603a329f9f2, type: 3}
      propertyPath: m_LocalRotation.y
      value: -0.03277948
      objectReference: {fileID: 0}
    - target: {fileID: 400000, guid: 73b54439efa5aba458d68603a329f9f2, type: 3}
      propertyPath: m_LocalRotation.z
      value: 0.023544524
      objectReference: {fileID: 0}
    - target: {fileID: 400000, guid: 73b54439efa5aba458d68603a329f9f2, type: 3}
      propertyPath: m_LocalRotation.w
      value: 0.9991788
      objectReference: {fileID: 0}
    - target: {fileID: 400000, guid: 73b54439efa5aba458d68603a329f9f2, type: 3}
      propertyPath: m_RootOrder
      value: 12
      objectReference: {fileID: 0}
    - target: {fileID: 400000, guid: 73b54439efa5aba458d68603a329f9f2, type: 3}
      propertyPath: m_LocalEulerAnglesHint.x
      value: 0.499
      objectReference: {fileID: 0}
    - target: {fileID: 400000, guid: 73b54439efa5aba458d68603a329f9f2, type: 3}
      propertyPath: m_LocalEulerAnglesHint.y
      value: -3.7460003
      objectReference: {fileID: 0}
    - target: {fileID: 400000, guid: 73b54439efa5aba458d68603a329f9f2, type: 3}
      propertyPath: m_LocalEulerAnglesHint.z
      value: 2.683
      objectReference: {fileID: 0}
    m_RemovedComponents: []
  m_SourcePrefab: {fileID: 100100000, guid: 73b54439efa5aba458d68603a329f9f2, type: 3}
--- !u!4 &1070162693661770826 stripped
Transform:
  m_CorrespondingSourceObject: {fileID: 400000, guid: 73b54439efa5aba458d68603a329f9f2,
    type: 3}
  m_PrefabInstance: {fileID: 1070162693661646538}
  m_PrefabAsset: {fileID: 0}
--- !u!1001 &1142271155076258390
PrefabInstance:
  m_ObjectHideFlags: 0
  serializedVersion: 2
  m_Modification:
    m_TransformParent: {fileID: 3054423192489411645}
    m_Modifications:
    - target: {fileID: 100000, guid: 9a85a17daae1f6041aab7de098ac5e29, type: 3}
      propertyPath: m_Name
      value: fi_vil_woven01_09
      objectReference: {fileID: 0}
    - target: {fileID: 400000, guid: 9a85a17daae1f6041aab7de098ac5e29, type: 3}
      propertyPath: m_LocalPosition.x
      value: 2.973
      objectReference: {fileID: 0}
    - target: {fileID: 400000, guid: 9a85a17daae1f6041aab7de098ac5e29, type: 3}
      propertyPath: m_LocalPosition.y
      value: 0.19
      objectReference: {fileID: 0}
    - target: {fileID: 400000, guid: 9a85a17daae1f6041aab7de098ac5e29, type: 3}
      propertyPath: m_LocalPosition.z
      value: -4.058
      objectReference: {fileID: 0}
    - target: {fileID: 400000, guid: 9a85a17daae1f6041aab7de098ac5e29, type: 3}
      propertyPath: m_LocalRotation.x
      value: -0.04257184
      objectReference: {fileID: 0}
    - target: {fileID: 400000, guid: 9a85a17daae1f6041aab7de098ac5e29, type: 3}
      propertyPath: m_LocalRotation.y
      value: -0.70492154
      objectReference: {fileID: 0}
    - target: {fileID: 400000, guid: 9a85a17daae1f6041aab7de098ac5e29, type: 3}
      propertyPath: m_LocalRotation.z
      value: -0.009183118
      objectReference: {fileID: 0}
    - target: {fileID: 400000, guid: 9a85a17daae1f6041aab7de098ac5e29, type: 3}
      propertyPath: m_LocalRotation.w
      value: 0.707947
      objectReference: {fileID: 0}
    - target: {fileID: 400000, guid: 9a85a17daae1f6041aab7de098ac5e29, type: 3}
      propertyPath: m_RootOrder
      value: 15
      objectReference: {fileID: 0}
    - target: {fileID: 400000, guid: 9a85a17daae1f6041aab7de098ac5e29, type: 3}
      propertyPath: m_LocalEulerAnglesHint.x
      value: -4.1990004
      objectReference: {fileID: 0}
    - target: {fileID: 400000, guid: 9a85a17daae1f6041aab7de098ac5e29, type: 3}
      propertyPath: m_LocalEulerAnglesHint.y
      value: -89.854004
      objectReference: {fileID: 0}
    - target: {fileID: 400000, guid: 9a85a17daae1f6041aab7de098ac5e29, type: 3}
      propertyPath: m_LocalEulerAnglesHint.z
      value: 2.7020001
      objectReference: {fileID: 0}
    m_RemovedComponents: []
  m_SourcePrefab: {fileID: 100100000, guid: 9a85a17daae1f6041aab7de098ac5e29, type: 3}
--- !u!4 &1142271155075858646 stripped
Transform:
  m_CorrespondingSourceObject: {fileID: 400000, guid: 9a85a17daae1f6041aab7de098ac5e29,
    type: 3}
  m_PrefabInstance: {fileID: 1142271155076258390}
  m_PrefabAsset: {fileID: 0}
--- !u!1001 &1398505905405146648
PrefabInstance:
  m_ObjectHideFlags: 0
  serializedVersion: 2
  m_Modification:
    m_TransformParent: {fileID: 6905547131109739487}
    m_Modifications:
    - target: {fileID: 110392, guid: 721fde525ad9c504d8ebe154ee65732a, type: 3}
      propertyPath: m_Name
      value: fe_vil_barrel_M4b
      objectReference: {fileID: 0}
    - target: {fileID: 426982, guid: 721fde525ad9c504d8ebe154ee65732a, type: 3}
      propertyPath: m_LocalPosition.x
      value: 4.521
      objectReference: {fileID: 0}
    - target: {fileID: 426982, guid: 721fde525ad9c504d8ebe154ee65732a, type: 3}
      propertyPath: m_LocalPosition.y
      value: 0
      objectReference: {fileID: 0}
    - target: {fileID: 426982, guid: 721fde525ad9c504d8ebe154ee65732a, type: 3}
      propertyPath: m_LocalPosition.z
      value: -3.04
      objectReference: {fileID: 0}
    - target: {fileID: 426982, guid: 721fde525ad9c504d8ebe154ee65732a, type: 3}
      propertyPath: m_LocalRotation.x
      value: -0
      objectReference: {fileID: 0}
    - target: {fileID: 426982, guid: 721fde525ad9c504d8ebe154ee65732a, type: 3}
      propertyPath: m_LocalRotation.y
      value: -0
      objectReference: {fileID: 0}
    - target: {fileID: 426982, guid: 721fde525ad9c504d8ebe154ee65732a, type: 3}
      propertyPath: m_LocalRotation.z
      value: -0
      objectReference: {fileID: 0}
    - target: {fileID: 426982, guid: 721fde525ad9c504d8ebe154ee65732a, type: 3}
      propertyPath: m_LocalRotation.w
      value: 1
      objectReference: {fileID: 0}
    - target: {fileID: 426982, guid: 721fde525ad9c504d8ebe154ee65732a, type: 3}
      propertyPath: m_RootOrder
      value: 5
      objectReference: {fileID: 0}
    - target: {fileID: 426982, guid: 721fde525ad9c504d8ebe154ee65732a, type: 3}
      propertyPath: m_LocalEulerAnglesHint.x
      value: 0
      objectReference: {fileID: 0}
    - target: {fileID: 426982, guid: 721fde525ad9c504d8ebe154ee65732a, type: 3}
      propertyPath: m_LocalEulerAnglesHint.y
      value: 0
      objectReference: {fileID: 0}
    - target: {fileID: 426982, guid: 721fde525ad9c504d8ebe154ee65732a, type: 3}
      propertyPath: m_LocalEulerAnglesHint.z
      value: 0
      objectReference: {fileID: 0}
    m_RemovedComponents: []
  m_SourcePrefab: {fileID: 100100000, guid: 721fde525ad9c504d8ebe154ee65732a, type: 3}
--- !u!4 &1398505905404982782 stripped
Transform:
  m_CorrespondingSourceObject: {fileID: 426982, guid: 721fde525ad9c504d8ebe154ee65732a,
    type: 3}
  m_PrefabInstance: {fileID: 1398505905405146648}
  m_PrefabAsset: {fileID: 0}
--- !u!1001 &1409098869799515723
PrefabInstance:
  m_ObjectHideFlags: 0
  serializedVersion: 2
  m_Modification:
    m_TransformParent: {fileID: 3054423192489411645}
    m_Modifications:
    - target: {fileID: 100000, guid: 9a85a17daae1f6041aab7de098ac5e29, type: 3}
      propertyPath: m_Name
      value: fi_vil_woven01_09
      objectReference: {fileID: 0}
    - target: {fileID: 400000, guid: 9a85a17daae1f6041aab7de098ac5e29, type: 3}
      propertyPath: m_LocalPosition.x
      value: -1.044
      objectReference: {fileID: 0}
    - target: {fileID: 400000, guid: 9a85a17daae1f6041aab7de098ac5e29, type: 3}
      propertyPath: m_LocalPosition.y
      value: 0.023
      objectReference: {fileID: 0}
    - target: {fileID: 400000, guid: 9a85a17daae1f6041aab7de098ac5e29, type: 3}
      propertyPath: m_LocalPosition.z
      value: -4.058
      objectReference: {fileID: 0}
    - target: {fileID: 400000, guid: 9a85a17daae1f6041aab7de098ac5e29, type: 3}
      propertyPath: m_LocalRotation.x
      value: 0.0021577284
      objectReference: {fileID: 0}
    - target: {fileID: 400000, guid: 9a85a17daae1f6041aab7de098ac5e29, type: 3}
      propertyPath: m_LocalRotation.y
      value: -0.7062023
      objectReference: {fileID: 0}
    - target: {fileID: 400000, guid: 9a85a17daae1f6041aab7de098ac5e29, type: 3}
      propertyPath: m_LocalRotation.z
      value: 0.035671048
      objectReference: {fileID: 0}
    - target: {fileID: 400000, guid: 9a85a17daae1f6041aab7de098ac5e29, type: 3}
      propertyPath: m_LocalRotation.w
      value: 0.7071076
      objectReference: {fileID: 0}
    - target: {fileID: 400000, guid: 9a85a17daae1f6041aab7de098ac5e29, type: 3}
      propertyPath: m_RootOrder
      value: 5
      objectReference: {fileID: 0}
    - target: {fileID: 400000, guid: 9a85a17daae1f6041aab7de098ac5e29, type: 3}
      propertyPath: m_LocalEulerAnglesHint.x
      value: 3.0630002
      objectReference: {fileID: 0}
    - target: {fileID: 400000, guid: 9a85a17daae1f6041aab7de098ac5e29, type: 3}
      propertyPath: m_LocalEulerAnglesHint.y
      value: -89.854004
      objectReference: {fileID: 0}
    - target: {fileID: 400000, guid: 9a85a17daae1f6041aab7de098ac5e29, type: 3}
      propertyPath: m_LocalEulerAnglesHint.z
      value: 2.7210002
      objectReference: {fileID: 0}
    m_RemovedComponents: []
  m_SourcePrefab: {fileID: 100100000, guid: 9a85a17daae1f6041aab7de098ac5e29, type: 3}
--- !u!4 &1409098869799382219 stripped
Transform:
  m_CorrespondingSourceObject: {fileID: 400000, guid: 9a85a17daae1f6041aab7de098ac5e29,
    type: 3}
  m_PrefabInstance: {fileID: 1409098869799515723}
  m_PrefabAsset: {fileID: 0}
--- !u!1001 &1575546298762062742
PrefabInstance:
  m_ObjectHideFlags: 0
  serializedVersion: 2
  m_Modification:
    m_TransformParent: {fileID: 6905547131109739487}
    m_Modifications:
    - target: {fileID: 169296, guid: 025ce7a404de6504e90d6a18c3d6859f, type: 3}
      propertyPath: m_Name
      value: fe_vil_crate_06d
      objectReference: {fileID: 0}
    - target: {fileID: 460786, guid: 025ce7a404de6504e90d6a18c3d6859f, type: 3}
      propertyPath: m_LocalPosition.x
      value: 4.535
      objectReference: {fileID: 0}
    - target: {fileID: 460786, guid: 025ce7a404de6504e90d6a18c3d6859f, type: 3}
      propertyPath: m_LocalPosition.y
      value: 0
      objectReference: {fileID: 0}
    - target: {fileID: 460786, guid: 025ce7a404de6504e90d6a18c3d6859f, type: 3}
      propertyPath: m_LocalPosition.z
      value: -2.198
      objectReference: {fileID: 0}
    - target: {fileID: 460786, guid: 025ce7a404de6504e90d6a18c3d6859f, type: 3}
      propertyPath: m_LocalRotation.x
      value: -0
      objectReference: {fileID: 0}
    - target: {fileID: 460786, guid: 025ce7a404de6504e90d6a18c3d6859f, type: 3}
      propertyPath: m_LocalRotation.y
      value: 0.417484
      objectReference: {fileID: 0}
    - target: {fileID: 460786, guid: 025ce7a404de6504e90d6a18c3d6859f, type: 3}
      propertyPath: m_LocalRotation.z
      value: -0
      objectReference: {fileID: 0}
    - target: {fileID: 460786, guid: 025ce7a404de6504e90d6a18c3d6859f, type: 3}
      propertyPath: m_LocalRotation.w
      value: 0.9086843
      objectReference: {fileID: 0}
    - target: {fileID: 460786, guid: 025ce7a404de6504e90d6a18c3d6859f, type: 3}
      propertyPath: m_RootOrder
      value: 2
      objectReference: {fileID: 0}
    - target: {fileID: 460786, guid: 025ce7a404de6504e90d6a18c3d6859f, type: 3}
      propertyPath: m_LocalEulerAnglesHint.x
      value: 0
      objectReference: {fileID: 0}
    - target: {fileID: 460786, guid: 025ce7a404de6504e90d6a18c3d6859f, type: 3}
      propertyPath: m_LocalEulerAnglesHint.y
      value: 49.352
      objectReference: {fileID: 0}
    - target: {fileID: 460786, guid: 025ce7a404de6504e90d6a18c3d6859f, type: 3}
      propertyPath: m_LocalEulerAnglesHint.z
      value: 0
      objectReference: {fileID: 0}
    m_RemovedComponents: []
  m_SourcePrefab: {fileID: 100100000, guid: 025ce7a404de6504e90d6a18c3d6859f, type: 3}
--- !u!4 &1575546298761997412 stripped
Transform:
  m_CorrespondingSourceObject: {fileID: 460786, guid: 025ce7a404de6504e90d6a18c3d6859f,
    type: 3}
  m_PrefabInstance: {fileID: 1575546298762062742}
  m_PrefabAsset: {fileID: 0}
--- !u!1001 &1596224728564457263
PrefabInstance:
  m_ObjectHideFlags: 0
  serializedVersion: 2
  m_Modification:
    m_TransformParent: {fileID: 3054423192489411645}
    m_Modifications:
    - target: {fileID: 100000, guid: ed43b0b9e563f8b41a4a3c9e46fd6543, type: 3}
      propertyPath: m_Name
      value: fi_vil_woven01_07
      objectReference: {fileID: 0}
    - target: {fileID: 400000, guid: ed43b0b9e563f8b41a4a3c9e46fd6543, type: 3}
      propertyPath: m_LocalPosition.x
      value: 4.0479994
      objectReference: {fileID: 0}
    - target: {fileID: 400000, guid: ed43b0b9e563f8b41a4a3c9e46fd6543, type: 3}
      propertyPath: m_LocalPosition.y
      value: -0.03
      objectReference: {fileID: 0}
    - target: {fileID: 400000, guid: ed43b0b9e563f8b41a4a3c9e46fd6543, type: 3}
      propertyPath: m_LocalPosition.z
      value: 2.981
      objectReference: {fileID: 0}
    - target: {fileID: 400000, guid: ed43b0b9e563f8b41a4a3c9e46fd6543, type: 3}
      propertyPath: m_LocalRotation.x
      value: -0
      objectReference: {fileID: 0}
    - target: {fileID: 400000, guid: ed43b0b9e563f8b41a4a3c9e46fd6543, type: 3}
      propertyPath: m_LocalRotation.y
      value: -0
      objectReference: {fileID: 0}
    - target: {fileID: 400000, guid: ed43b0b9e563f8b41a4a3c9e46fd6543, type: 3}
      propertyPath: m_LocalRotation.z
      value: -0
      objectReference: {fileID: 0}
    - target: {fileID: 400000, guid: ed43b0b9e563f8b41a4a3c9e46fd6543, type: 3}
      propertyPath: m_LocalRotation.w
      value: 1
      objectReference: {fileID: 0}
    - target: {fileID: 400000, guid: ed43b0b9e563f8b41a4a3c9e46fd6543, type: 3}
      propertyPath: m_RootOrder
      value: 8
      objectReference: {fileID: 0}
    - target: {fileID: 400000, guid: ed43b0b9e563f8b41a4a3c9e46fd6543, type: 3}
      propertyPath: m_LocalEulerAnglesHint.x
      value: 0
      objectReference: {fileID: 0}
    - target: {fileID: 400000, guid: ed43b0b9e563f8b41a4a3c9e46fd6543, type: 3}
      propertyPath: m_LocalEulerAnglesHint.y
      value: 0
      objectReference: {fileID: 0}
    - target: {fileID: 400000, guid: ed43b0b9e563f8b41a4a3c9e46fd6543, type: 3}
      propertyPath: m_LocalEulerAnglesHint.z
      value: 0
      objectReference: {fileID: 0}
    m_RemovedComponents: []
  m_SourcePrefab: {fileID: 100100000, guid: ed43b0b9e563f8b41a4a3c9e46fd6543, type: 3}
--- !u!4 &1596224728564057519 stripped
Transform:
  m_CorrespondingSourceObject: {fileID: 400000, guid: ed43b0b9e563f8b41a4a3c9e46fd6543,
    type: 3}
  m_PrefabInstance: {fileID: 1596224728564457263}
  m_PrefabAsset: {fileID: 0}
--- !u!1001 &1855930123704154149
PrefabInstance:
  m_ObjectHideFlags: 0
  serializedVersion: 2
  m_Modification:
    m_TransformParent: {fileID: 6905547131109739487}
    m_Modifications:
    - target: {fileID: 100000, guid: 1759a44a76a7a7542b3ac556fc3e97d7, type: 3}
      propertyPath: m_Name
      value: fi_vil_container_sack03_grain_leaning
      objectReference: {fileID: 0}
    - target: {fileID: 400000, guid: 1759a44a76a7a7542b3ac556fc3e97d7, type: 3}
      propertyPath: m_LocalPosition.x
      value: 4.903
      objectReference: {fileID: 0}
    - target: {fileID: 400000, guid: 1759a44a76a7a7542b3ac556fc3e97d7, type: 3}
      propertyPath: m_LocalPosition.y
      value: 0
      objectReference: {fileID: 0}
    - target: {fileID: 400000, guid: 1759a44a76a7a7542b3ac556fc3e97d7, type: 3}
      propertyPath: m_LocalPosition.z
      value: -1.845
      objectReference: {fileID: 0}
    - target: {fileID: 400000, guid: 1759a44a76a7a7542b3ac556fc3e97d7, type: 3}
      propertyPath: m_LocalRotation.x
      value: -0
      objectReference: {fileID: 0}
    - target: {fileID: 400000, guid: 1759a44a76a7a7542b3ac556fc3e97d7, type: 3}
      propertyPath: m_LocalRotation.y
      value: 0.98879486
      objectReference: {fileID: 0}
    - target: {fileID: 400000, guid: 1759a44a76a7a7542b3ac556fc3e97d7, type: 3}
      propertyPath: m_LocalRotation.z
      value: -0
      objectReference: {fileID: 0}
    - target: {fileID: 400000, guid: 1759a44a76a7a7542b3ac556fc3e97d7, type: 3}
      propertyPath: m_LocalRotation.w
      value: 0.14928095
      objectReference: {fileID: 0}
    - target: {fileID: 400000, guid: 1759a44a76a7a7542b3ac556fc3e97d7, type: 3}
      propertyPath: m_RootOrder
      value: 10
      objectReference: {fileID: 0}
    - target: {fileID: 400000, guid: 1759a44a76a7a7542b3ac556fc3e97d7, type: 3}
      propertyPath: m_LocalEulerAnglesHint.x
      value: 0
      objectReference: {fileID: 0}
    - target: {fileID: 400000, guid: 1759a44a76a7a7542b3ac556fc3e97d7, type: 3}
      propertyPath: m_LocalEulerAnglesHint.y
      value: 162.82901
      objectReference: {fileID: 0}
    - target: {fileID: 400000, guid: 1759a44a76a7a7542b3ac556fc3e97d7, type: 3}
      propertyPath: m_LocalEulerAnglesHint.z
      value: 0
      objectReference: {fileID: 0}
    m_RemovedComponents: []
  m_SourcePrefab: {fileID: 100100000, guid: 1759a44a76a7a7542b3ac556fc3e97d7, type: 3}
--- !u!4 &1855930123704017573 stripped
Transform:
  m_CorrespondingSourceObject: {fileID: 400000, guid: 1759a44a76a7a7542b3ac556fc3e97d7,
    type: 3}
  m_PrefabInstance: {fileID: 1855930123704154149}
  m_PrefabAsset: {fileID: 0}
--- !u!1001 &2891731790741398876
PrefabInstance:
  m_ObjectHideFlags: 0
  serializedVersion: 2
  m_Modification:
    m_TransformParent: {fileID: 6905547131109739487}
    m_Modifications:
    - target: {fileID: 100000, guid: e9f35010cb41432448ab07b1e42fda28, type: 3}
      propertyPath: m_Name
      value: fi_vil_container_sack02x3c
      objectReference: {fileID: 0}
    - target: {fileID: 400000, guid: e9f35010cb41432448ab07b1e42fda28, type: 3}
      propertyPath: m_LocalPosition.x
      value: -4.423
      objectReference: {fileID: 0}
    - target: {fileID: 400000, guid: e9f35010cb41432448ab07b1e42fda28, type: 3}
      propertyPath: m_LocalPosition.y
      value: 0
      objectReference: {fileID: 0}
    - target: {fileID: 400000, guid: e9f35010cb41432448ab07b1e42fda28, type: 3}
      propertyPath: m_LocalPosition.z
      value: -2.276
      objectReference: {fileID: 0}
    - target: {fileID: 400000, guid: e9f35010cb41432448ab07b1e42fda28, type: 3}
      propertyPath: m_LocalRotation.x
      value: -0
      objectReference: {fileID: 0}
    - target: {fileID: 400000, guid: e9f35010cb41432448ab07b1e42fda28, type: 3}
      propertyPath: m_LocalRotation.y
      value: 0.7637686
      objectReference: {fileID: 0}
    - target: {fileID: 400000, guid: e9f35010cb41432448ab07b1e42fda28, type: 3}
      propertyPath: m_LocalRotation.z
      value: -0
      objectReference: {fileID: 0}
    - target: {fileID: 400000, guid: e9f35010cb41432448ab07b1e42fda28, type: 3}
      propertyPath: m_LocalRotation.w
      value: 0.64549017
      objectReference: {fileID: 0}
    - target: {fileID: 400000, guid: e9f35010cb41432448ab07b1e42fda28, type: 3}
      propertyPath: m_RootOrder
      value: 11
      objectReference: {fileID: 0}
    - target: {fileID: 400000, guid: e9f35010cb41432448ab07b1e42fda28, type: 3}
      propertyPath: m_LocalEulerAnglesHint.x
      value: 0
      objectReference: {fileID: 0}
    - target: {fileID: 400000, guid: e9f35010cb41432448ab07b1e42fda28, type: 3}
      propertyPath: m_LocalEulerAnglesHint.y
      value: 99.595
      objectReference: {fileID: 0}
    - target: {fileID: 400000, guid: e9f35010cb41432448ab07b1e42fda28, type: 3}
      propertyPath: m_LocalEulerAnglesHint.z
      value: 0
      objectReference: {fileID: 0}
    m_RemovedComponents: []
  m_SourcePrefab: {fileID: 100100000, guid: e9f35010cb41432448ab07b1e42fda28, type: 3}
--- !u!4 &2891731790741798876 stripped
Transform:
  m_CorrespondingSourceObject: {fileID: 400000, guid: e9f35010cb41432448ab07b1e42fda28,
    type: 3}
  m_PrefabInstance: {fileID: 2891731790741398876}
  m_PrefabAsset: {fileID: 0}
--- !u!1001 &3139285774802190053
PrefabInstance:
  m_ObjectHideFlags: 0
  serializedVersion: 2
  m_Modification:
    m_TransformParent: {fileID: 3054423192489411645}
    m_Modifications:
    - target: {fileID: 100000, guid: 45274fb68e9e0684a8f2b53d0da8cc4d, type: 3}
      propertyPath: m_Name
      value: fi_vil_woven01_08
      objectReference: {fileID: 0}
    - target: {fileID: 400000, guid: 45274fb68e9e0684a8f2b53d0da8cc4d, type: 3}
      propertyPath: m_LocalPosition.x
      value: 0.942
      objectReference: {fileID: 0}
    - target: {fileID: 400000, guid: 45274fb68e9e0684a8f2b53d0da8cc4d, type: 3}
      propertyPath: m_LocalPosition.y
      value: -0.132
      objectReference: {fileID: 0}
    - target: {fileID: 400000, guid: 45274fb68e9e0684a8f2b53d0da8cc4d, type: 3}
      propertyPath: m_LocalPosition.z
      value: -4.058
      objectReference: {fileID: 0}
    - target: {fileID: 400000, guid: 45274fb68e9e0684a8f2b53d0da8cc4d, type: 3}
      propertyPath: m_LocalRotation.x
      value: -0
      objectReference: {fileID: 0}
    - target: {fileID: 400000, guid: 45274fb68e9e0684a8f2b53d0da8cc4d, type: 3}
      propertyPath: m_LocalRotation.y
      value: -0.70710576
      objectReference: {fileID: 0}
    - target: {fileID: 400000, guid: 45274fb68e9e0684a8f2b53d0da8cc4d, type: 3}
      propertyPath: m_LocalRotation.z
      value: -0
      objectReference: {fileID: 0}
    - target: {fileID: 400000, guid: 45274fb68e9e0684a8f2b53d0da8cc4d, type: 3}
      propertyPath: m_LocalRotation.w
      value: 0.7071079
      objectReference: {fileID: 0}
    - target: {fileID: 400000, guid: 45274fb68e9e0684a8f2b53d0da8cc4d, type: 3}
      propertyPath: m_RootOrder
      value: 4
      objectReference: {fileID: 0}
    - target: {fileID: 400000, guid: 45274fb68e9e0684a8f2b53d0da8cc4d, type: 3}
      propertyPath: m_LocalEulerAnglesHint.x
      value: 0
      objectReference: {fileID: 0}
    - target: {fileID: 400000, guid: 45274fb68e9e0684a8f2b53d0da8cc4d, type: 3}
      propertyPath: m_LocalEulerAnglesHint.y
      value: -90.00001
      objectReference: {fileID: 0}
    - target: {fileID: 400000, guid: 45274fb68e9e0684a8f2b53d0da8cc4d, type: 3}
      propertyPath: m_LocalEulerAnglesHint.z
      value: 0
      objectReference: {fileID: 0}
    m_RemovedComponents: []
  m_SourcePrefab: {fileID: 100100000, guid: 45274fb68e9e0684a8f2b53d0da8cc4d, type: 3}
--- !u!4 &3139285774802052197 stripped
Transform:
  m_CorrespondingSourceObject: {fileID: 400000, guid: 45274fb68e9e0684a8f2b53d0da8cc4d,
    type: 3}
  m_PrefabInstance: {fileID: 3139285774802190053}
  m_PrefabAsset: {fileID: 0}
--- !u!1001 &3203492736775431679
PrefabInstance:
  m_ObjectHideFlags: 0
  serializedVersion: 2
  m_Modification:
    m_TransformParent: {fileID: 6905547131109739487}
    m_Modifications:
    - target: {fileID: 110392, guid: 721fde525ad9c504d8ebe154ee65732a, type: 3}
      propertyPath: m_Name
      value: fe_vil_barrel_M4b
      objectReference: {fileID: 0}
    - target: {fileID: 426982, guid: 721fde525ad9c504d8ebe154ee65732a, type: 3}
      propertyPath: m_LocalPosition.x
      value: -0.38
      objectReference: {fileID: 0}
    - target: {fileID: 426982, guid: 721fde525ad9c504d8ebe154ee65732a, type: 3}
      propertyPath: m_LocalPosition.y
      value: 0
      objectReference: {fileID: 0}
    - target: {fileID: 426982, guid: 721fde525ad9c504d8ebe154ee65732a, type: 3}
      propertyPath: m_LocalPosition.z
      value: 4.604
      objectReference: {fileID: 0}
    - target: {fileID: 426982, guid: 721fde525ad9c504d8ebe154ee65732a, type: 3}
      propertyPath: m_LocalRotation.x
      value: -0
      objectReference: {fileID: 0}
    - target: {fileID: 426982, guid: 721fde525ad9c504d8ebe154ee65732a, type: 3}
      propertyPath: m_LocalRotation.y
      value: -0
      objectReference: {fileID: 0}
    - target: {fileID: 426982, guid: 721fde525ad9c504d8ebe154ee65732a, type: 3}
      propertyPath: m_LocalRotation.z
      value: -0
      objectReference: {fileID: 0}
    - target: {fileID: 426982, guid: 721fde525ad9c504d8ebe154ee65732a, type: 3}
      propertyPath: m_LocalRotation.w
      value: 1
      objectReference: {fileID: 0}
    - target: {fileID: 426982, guid: 721fde525ad9c504d8ebe154ee65732a, type: 3}
      propertyPath: m_RootOrder
      value: 8
      objectReference: {fileID: 0}
    - target: {fileID: 426982, guid: 721fde525ad9c504d8ebe154ee65732a, type: 3}
      propertyPath: m_LocalEulerAnglesHint.x
      value: 0
      objectReference: {fileID: 0}
    - target: {fileID: 426982, guid: 721fde525ad9c504d8ebe154ee65732a, type: 3}
      propertyPath: m_LocalEulerAnglesHint.y
      value: 0
      objectReference: {fileID: 0}
    - target: {fileID: 426982, guid: 721fde525ad9c504d8ebe154ee65732a, type: 3}
      propertyPath: m_LocalEulerAnglesHint.z
      value: 0
      objectReference: {fileID: 0}
    m_RemovedComponents: []
  m_SourcePrefab: {fileID: 100100000, guid: 721fde525ad9c504d8ebe154ee65732a, type: 3}
--- !u!4 &3203492736775595545 stripped
Transform:
  m_CorrespondingSourceObject: {fileID: 426982, guid: 721fde525ad9c504d8ebe154ee65732a,
    type: 3}
  m_PrefabInstance: {fileID: 3203492736775431679}
  m_PrefabAsset: {fileID: 0}
--- !u!1001 &4289155880261244639
PrefabInstance:
  m_ObjectHideFlags: 0
  serializedVersion: 2
  m_Modification:
    m_TransformParent: {fileID: 6905547131109739487}
    m_Modifications:
    - target: {fileID: 100000, guid: c5067c2fbf7aba14fb83d62f239e0f6d, type: 3}
      propertyPath: m_Name
      value: fi_vil_farm_trough01_2m
      objectReference: {fileID: 0}
    - target: {fileID: 400000, guid: c5067c2fbf7aba14fb83d62f239e0f6d, type: 3}
      propertyPath: m_LocalPosition.x
      value: -3.75
      objectReference: {fileID: 0}
    - target: {fileID: 400000, guid: c5067c2fbf7aba14fb83d62f239e0f6d, type: 3}
      propertyPath: m_LocalPosition.y
      value: 0
      objectReference: {fileID: 0}
    - target: {fileID: 400000, guid: c5067c2fbf7aba14fb83d62f239e0f6d, type: 3}
      propertyPath: m_LocalPosition.z
      value: -1.52
      objectReference: {fileID: 0}
    - target: {fileID: 400000, guid: c5067c2fbf7aba14fb83d62f239e0f6d, type: 3}
      propertyPath: m_LocalRotation.x
      value: -0
      objectReference: {fileID: 0}
    - target: {fileID: 400000, guid: c5067c2fbf7aba14fb83d62f239e0f6d, type: 3}
      propertyPath: m_LocalRotation.y
      value: 0.030483134
      objectReference: {fileID: 0}
    - target: {fileID: 400000, guid: c5067c2fbf7aba14fb83d62f239e0f6d, type: 3}
      propertyPath: m_LocalRotation.z
      value: -0
      objectReference: {fileID: 0}
    - target: {fileID: 400000, guid: c5067c2fbf7aba14fb83d62f239e0f6d, type: 3}
      propertyPath: m_LocalRotation.w
      value: 0.99953526
      objectReference: {fileID: 0}
    - target: {fileID: 400000, guid: c5067c2fbf7aba14fb83d62f239e0f6d, type: 3}
      propertyPath: m_RootOrder
      value: 1
      objectReference: {fileID: 0}
    - target: {fileID: 400000, guid: c5067c2fbf7aba14fb83d62f239e0f6d, type: 3}
      propertyPath: m_LocalEulerAnglesHint.x
      value: 0
      objectReference: {fileID: 0}
    - target: {fileID: 400000, guid: c5067c2fbf7aba14fb83d62f239e0f6d, type: 3}
      propertyPath: m_LocalEulerAnglesHint.y
      value: 3.4940002
      objectReference: {fileID: 0}
    - target: {fileID: 400000, guid: c5067c2fbf7aba14fb83d62f239e0f6d, type: 3}
      propertyPath: m_LocalEulerAnglesHint.z
      value: 0
      objectReference: {fileID: 0}
    m_RemovedComponents: []
  m_SourcePrefab: {fileID: 100100000, guid: c5067c2fbf7aba14fb83d62f239e0f6d, type: 3}
--- !u!4 &4289155880260848735 stripped
Transform:
  m_CorrespondingSourceObject: {fileID: 400000, guid: c5067c2fbf7aba14fb83d62f239e0f6d,
    type: 3}
  m_PrefabInstance: {fileID: 4289155880261244639}
  m_PrefabAsset: {fileID: 0}
--- !u!1001 &4394235546561909875
PrefabInstance:
  m_ObjectHideFlags: 0
  serializedVersion: 2
  m_Modification:
    m_TransformParent: {fileID: 3054423192489411645}
    m_Modifications:
    - target: {fileID: 100000, guid: 0c64ca4d34a30744493b0c9585bad689, type: 3}
      propertyPath: m_Name
      value: fi_vil_woven01_05
      objectReference: {fileID: 0}
    - target: {fileID: 400000, guid: 0c64ca4d34a30744493b0c9585bad689, type: 3}
      propertyPath: m_LocalPosition.x
      value: -3.043
      objectReference: {fileID: 0}
    - target: {fileID: 400000, guid: 0c64ca4d34a30744493b0c9585bad689, type: 3}
      propertyPath: m_LocalPosition.y
      value: -0.135
      objectReference: {fileID: 0}
    - target: {fileID: 400000, guid: 0c64ca4d34a30744493b0c9585bad689, type: 3}
      propertyPath: m_LocalPosition.z
      value: 4.059
      objectReference: {fileID: 0}
    - target: {fileID: 400000, guid: 0c64ca4d34a30744493b0c9585bad689, type: 3}
      propertyPath: m_LocalRotation.x
      value: -0
      objectReference: {fileID: 0}
    - target: {fileID: 400000, guid: 0c64ca4d34a30744493b0c9585bad689, type: 3}
      propertyPath: m_LocalRotation.y
      value: -0.70710576
      objectReference: {fileID: 0}
    - target: {fileID: 400000, guid: 0c64ca4d34a30744493b0c9585bad689, type: 3}
      propertyPath: m_LocalRotation.z
      value: -0
      objectReference: {fileID: 0}
    - target: {fileID: 400000, guid: 0c64ca4d34a30744493b0c9585bad689, type: 3}
      propertyPath: m_LocalRotation.w
      value: 0.70710784
      objectReference: {fileID: 0}
    - target: {fileID: 400000, guid: 0c64ca4d34a30744493b0c9585bad689, type: 3}
      propertyPath: m_RootOrder
      value: 13
      objectReference: {fileID: 0}
    - target: {fileID: 400000, guid: 0c64ca4d34a30744493b0c9585bad689, type: 3}
      propertyPath: m_LocalEulerAnglesHint.x
      value: 0
      objectReference: {fileID: 0}
    - target: {fileID: 400000, guid: 0c64ca4d34a30744493b0c9585bad689, type: 3}
      propertyPath: m_LocalEulerAnglesHint.y
      value: -90.00001
      objectReference: {fileID: 0}
    - target: {fileID: 400000, guid: 0c64ca4d34a30744493b0c9585bad689, type: 3}
      propertyPath: m_LocalEulerAnglesHint.z
      value: 0
      objectReference: {fileID: 0}
    m_RemovedComponents: []
  m_SourcePrefab: {fileID: 100100000, guid: 0c64ca4d34a30744493b0c9585bad689, type: 3}
--- !u!4 &4394235546561515251 stripped
Transform:
  m_CorrespondingSourceObject: {fileID: 400000, guid: 0c64ca4d34a30744493b0c9585bad689,
    type: 3}
  m_PrefabInstance: {fileID: 4394235546561909875}
  m_PrefabAsset: {fileID: 0}
--- !u!1001 &4915026906024821169
PrefabInstance:
  m_ObjectHideFlags: 0
  serializedVersion: 2
  m_Modification:
    m_TransformParent: {fileID: 6905547131109739487}
    m_Modifications:
    - target: {fileID: 100000, guid: c458a5c8990a851459de73710c49fce7, type: 3}
      propertyPath: m_Name
      value: fi_vil_container_sack03_grain_cluster
      objectReference: {fileID: 0}
    - target: {fileID: 400000, guid: c458a5c8990a851459de73710c49fce7, type: 3}
      propertyPath: m_LocalPosition.x
      value: -2.058
      objectReference: {fileID: 0}
    - target: {fileID: 400000, guid: c458a5c8990a851459de73710c49fce7, type: 3}
      propertyPath: m_LocalPosition.y
      value: 0
      objectReference: {fileID: 0}
    - target: {fileID: 400000, guid: c458a5c8990a851459de73710c49fce7, type: 3}
      propertyPath: m_LocalPosition.z
      value: 4.535
      objectReference: {fileID: 0}
    - target: {fileID: 400000, guid: c458a5c8990a851459de73710c49fce7, type: 3}
      propertyPath: m_LocalRotation.x
      value: -0
      objectReference: {fileID: 0}
    - target: {fileID: 400000, guid: c458a5c8990a851459de73710c49fce7, type: 3}
      propertyPath: m_LocalRotation.y
      value: -0.12519388
      objectReference: {fileID: 0}
    - target: {fileID: 400000, guid: c458a5c8990a851459de73710c49fce7, type: 3}
      propertyPath: m_LocalRotation.z
      value: -0
      objectReference: {fileID: 0}
    - target: {fileID: 400000, guid: c458a5c8990a851459de73710c49fce7, type: 3}
      propertyPath: m_LocalRotation.w
      value: 0.9921323
      objectReference: {fileID: 0}
    - target: {fileID: 400000, guid: c458a5c8990a851459de73710c49fce7, type: 3}
      propertyPath: m_RootOrder
      value: 13
      objectReference: {fileID: 0}
    - target: {fileID: 400000, guid: c458a5c8990a851459de73710c49fce7, type: 3}
      propertyPath: m_LocalEulerAnglesHint.x
      value: 0
      objectReference: {fileID: 0}
    - target: {fileID: 400000, guid: c458a5c8990a851459de73710c49fce7, type: 3}
      propertyPath: m_LocalEulerAnglesHint.y
      value: -14.384001
      objectReference: {fileID: 0}
    - target: {fileID: 400000, guid: c458a5c8990a851459de73710c49fce7, type: 3}
      propertyPath: m_LocalEulerAnglesHint.z
      value: 0
      objectReference: {fileID: 0}
    m_RemovedComponents: []
  m_SourcePrefab: {fileID: 100100000, guid: c458a5c8990a851459de73710c49fce7, type: 3}
--- !u!4 &4915026906025220913 stripped
Transform:
  m_CorrespondingSourceObject: {fileID: 400000, guid: c458a5c8990a851459de73710c49fce7,
    type: 3}
  m_PrefabInstance: {fileID: 4915026906024821169}
  m_PrefabAsset: {fileID: 0}
--- !u!1001 &5213909958471701128
PrefabInstance:
  m_ObjectHideFlags: 0
  serializedVersion: 2
  m_Modification:
    m_TransformParent: {fileID: 6905547131109739487}
    m_Modifications:
    - target: {fileID: 100000, guid: e84e832f265d16c42aea7fc195ff42b4, type: 3}
      propertyPath: m_Name
      value: fi_vil_farm_chick_large_B
      objectReference: {fileID: 0}
    - target: {fileID: 400000, guid: e84e832f265d16c42aea7fc195ff42b4, type: 3}
      propertyPath: m_LocalPosition.x
      value: -3.33
      objectReference: {fileID: 0}
    - target: {fileID: 400000, guid: e84e832f265d16c42aea7fc195ff42b4, type: 3}
      propertyPath: m_LocalPosition.y
      value: 0
      objectReference: {fileID: 0}
    - target: {fileID: 400000, guid: e84e832f265d16c42aea7fc195ff42b4, type: 3}
      propertyPath: m_LocalPosition.z
      value: 1.17
      objectReference: {fileID: 0}
    - target: {fileID: 400000, guid: e84e832f265d16c42aea7fc195ff42b4, type: 3}
      propertyPath: m_LocalRotation.x
      value: -0
      objectReference: {fileID: 0}
    - target: {fileID: 400000, guid: e84e832f265d16c42aea7fc195ff42b4, type: 3}
      propertyPath: m_LocalRotation.y
      value: 0.0632584
      objectReference: {fileID: 0}
    - target: {fileID: 400000, guid: e84e832f265d16c42aea7fc195ff42b4, type: 3}
      propertyPath: m_LocalRotation.z
      value: -0
      objectReference: {fileID: 0}
    - target: {fileID: 400000, guid: e84e832f265d16c42aea7fc195ff42b4, type: 3}
      propertyPath: m_LocalRotation.w
      value: 0.9979972
      objectReference: {fileID: 0}
    - target: {fileID: 400000, guid: e84e832f265d16c42aea7fc195ff42b4, type: 3}
      propertyPath: m_RootOrder
      value: 15
      objectReference: {fileID: 0}
    - target: {fileID: 400000, guid: e84e832f265d16c42aea7fc195ff42b4, type: 3}
      propertyPath: m_LocalEulerAnglesHint.x
      value: 0
      objectReference: {fileID: 0}
    - target: {fileID: 400000, guid: e84e832f265d16c42aea7fc195ff42b4, type: 3}
      propertyPath: m_LocalEulerAnglesHint.y
      value: 7.254
      objectReference: {fileID: 0}
    - target: {fileID: 400000, guid: e84e832f265d16c42aea7fc195ff42b4, type: 3}
      propertyPath: m_LocalEulerAnglesHint.z
      value: 0
      objectReference: {fileID: 0}
    m_RemovedComponents: []
  m_SourcePrefab: {fileID: 100100000, guid: e84e832f265d16c42aea7fc195ff42b4, type: 3}
--- !u!4 &5213909958471829512 stripped
Transform:
  m_CorrespondingSourceObject: {fileID: 400000, guid: e84e832f265d16c42aea7fc195ff42b4,
    type: 3}
  m_PrefabInstance: {fileID: 5213909958471701128}
  m_PrefabAsset: {fileID: 0}
--- !u!1001 &5508539587656342297
PrefabInstance:
  m_ObjectHideFlags: 0
  serializedVersion: 2
  m_Modification:
    m_TransformParent: {fileID: 3054423192489411645}
    m_Modifications:
    - target: {fileID: 100000, guid: ed43b0b9e563f8b41a4a3c9e46fd6543, type: 3}
      propertyPath: m_Name
      value: fi_vil_woven01_07
      objectReference: {fileID: 0}
    - target: {fileID: 400000, guid: ed43b0b9e563f8b41a4a3c9e46fd6543, type: 3}
      propertyPath: m_LocalPosition.x
      value: -4.11
      objectReference: {fileID: 0}
    - target: {fileID: 400000, guid: ed43b0b9e563f8b41a4a3c9e46fd6543, type: 3}
      propertyPath: m_LocalPosition.y
      value: -0.03
      objectReference: {fileID: 0}
    - target: {fileID: 400000, guid: ed43b0b9e563f8b41a4a3c9e46fd6543, type: 3}
      propertyPath: m_LocalPosition.z
      value: -3.054
      objectReference: {fileID: 0}
    - target: {fileID: 400000, guid: ed43b0b9e563f8b41a4a3c9e46fd6543, type: 3}
      propertyPath: m_LocalRotation.x
      value: -0
      objectReference: {fileID: 0}
    - target: {fileID: 400000, guid: ed43b0b9e563f8b41a4a3c9e46fd6543, type: 3}
      propertyPath: m_LocalRotation.y
      value: -0
      objectReference: {fileID: 0}
    - target: {fileID: 400000, guid: ed43b0b9e563f8b41a4a3c9e46fd6543, type: 3}
      propertyPath: m_LocalRotation.z
      value: -0
      objectReference: {fileID: 0}
    - target: {fileID: 400000, guid: ed43b0b9e563f8b41a4a3c9e46fd6543, type: 3}
      propertyPath: m_LocalRotation.w
      value: 1
      objectReference: {fileID: 0}
    - target: {fileID: 400000, guid: ed43b0b9e563f8b41a4a3c9e46fd6543, type: 3}
      propertyPath: m_RootOrder
      value: 14
      objectReference: {fileID: 0}
    - target: {fileID: 400000, guid: ed43b0b9e563f8b41a4a3c9e46fd6543, type: 3}
      propertyPath: m_LocalEulerAnglesHint.x
      value: 0
      objectReference: {fileID: 0}
    - target: {fileID: 400000, guid: ed43b0b9e563f8b41a4a3c9e46fd6543, type: 3}
      propertyPath: m_LocalEulerAnglesHint.y
      value: 0
      objectReference: {fileID: 0}
    - target: {fileID: 400000, guid: ed43b0b9e563f8b41a4a3c9e46fd6543, type: 3}
      propertyPath: m_LocalEulerAnglesHint.z
      value: 0
      objectReference: {fileID: 0}
    m_RemovedComponents: []
  m_SourcePrefab: {fileID: 100100000, guid: ed43b0b9e563f8b41a4a3c9e46fd6543, type: 3}
--- !u!4 &5508539587655942553 stripped
Transform:
  m_CorrespondingSourceObject: {fileID: 400000, guid: ed43b0b9e563f8b41a4a3c9e46fd6543,
    type: 3}
  m_PrefabInstance: {fileID: 5508539587656342297}
  m_PrefabAsset: {fileID: 0}
--- !u!1001 &5837613699815186277
PrefabInstance:
  m_ObjectHideFlags: 0
  serializedVersion: 2
  m_Modification:
    m_TransformParent: {fileID: 6905547131109739487}
    m_Modifications:
    - target: {fileID: 100000, guid: d559b2756404b0541b967eb0bb3205de, type: 3}
      propertyPath: m_Name
      value: fi_vil_farm_chick_small_B
      objectReference: {fileID: 0}
    - target: {fileID: 400000, guid: d559b2756404b0541b967eb0bb3205de, type: 3}
      propertyPath: m_LocalPosition.x
      value: 3.343
      objectReference: {fileID: 0}
    - target: {fileID: 400000, guid: d559b2756404b0541b967eb0bb3205de, type: 3}
      propertyPath: m_LocalPosition.y
      value: 0
      objectReference: {fileID: 0}
    - target: {fileID: 400000, guid: d559b2756404b0541b967eb0bb3205de, type: 3}
      propertyPath: m_LocalPosition.z
      value: -0.828
      objectReference: {fileID: 0}
    - target: {fileID: 400000, guid: d559b2756404b0541b967eb0bb3205de, type: 3}
      propertyPath: m_LocalRotation.x
      value: -0
      objectReference: {fileID: 0}
    - target: {fileID: 400000, guid: d559b2756404b0541b967eb0bb3205de, type: 3}
      propertyPath: m_LocalRotation.y
      value: 0.9993963
      objectReference: {fileID: 0}
    - target: {fileID: 400000, guid: d559b2756404b0541b967eb0bb3205de, type: 3}
      propertyPath: m_LocalRotation.z
      value: -0
      objectReference: {fileID: 0}
    - target: {fileID: 400000, guid: d559b2756404b0541b967eb0bb3205de, type: 3}
      propertyPath: m_LocalRotation.w
      value: 0.034743775
      objectReference: {fileID: 0}
    - target: {fileID: 400000, guid: d559b2756404b0541b967eb0bb3205de, type: 3}
      propertyPath: m_RootOrder
      value: 14
      objectReference: {fileID: 0}
    - target: {fileID: 400000, guid: d559b2756404b0541b967eb0bb3205de, type: 3}
      propertyPath: m_LocalEulerAnglesHint.x
      value: 0
      objectReference: {fileID: 0}
    - target: {fileID: 400000, guid: d559b2756404b0541b967eb0bb3205de, type: 3}
      propertyPath: m_LocalEulerAnglesHint.y
      value: 176.018
      objectReference: {fileID: 0}
    - target: {fileID: 400000, guid: d559b2756404b0541b967eb0bb3205de, type: 3}
      propertyPath: m_LocalEulerAnglesHint.z
      value: 0
      objectReference: {fileID: 0}
    m_RemovedComponents: []
  m_SourcePrefab: {fileID: 100100000, guid: d559b2756404b0541b967eb0bb3205de, type: 3}
--- !u!4 &5837613699815572965 stripped
Transform:
  m_CorrespondingSourceObject: {fileID: 400000, guid: d559b2756404b0541b967eb0bb3205de,
    type: 3}
  m_PrefabInstance: {fileID: 5837613699815186277}
  m_PrefabAsset: {fileID: 0}
--- !u!1001 &6038136762883373715
PrefabInstance:
  m_ObjectHideFlags: 0
  serializedVersion: 2
  m_Modification:
    m_TransformParent: {fileID: 6905547131109739487}
    m_Modifications:
    - target: {fileID: 198752, guid: 7823e57245d2ee34d995f8236ebc7c73, type: 3}
      propertyPath: m_Name
      value: fe_vil_barrel_S1a
      objectReference: {fileID: 0}
    - target: {fileID: 466752, guid: 7823e57245d2ee34d995f8236ebc7c73, type: 3}
      propertyPath: m_LocalPosition.x
      value: -4.509
      objectReference: {fileID: 0}
    - target: {fileID: 466752, guid: 7823e57245d2ee34d995f8236ebc7c73, type: 3}
      propertyPath: m_LocalPosition.y
      value: 0
      objectReference: {fileID: 0}
    - target: {fileID: 466752, guid: 7823e57245d2ee34d995f8236ebc7c73, type: 3}
      propertyPath: m_LocalPosition.z
      value: 2.261
      objectReference: {fileID: 0}
    - target: {fileID: 466752, guid: 7823e57245d2ee34d995f8236ebc7c73, type: 3}
      propertyPath: m_LocalRotation.x
      value: -0
      objectReference: {fileID: 0}
    - target: {fileID: 466752, guid: 7823e57245d2ee34d995f8236ebc7c73, type: 3}
      propertyPath: m_LocalRotation.y
      value: -0
      objectReference: {fileID: 0}
    - target: {fileID: 466752, guid: 7823e57245d2ee34d995f8236ebc7c73, type: 3}
      propertyPath: m_LocalRotation.z
      value: -0
      objectReference: {fileID: 0}
    - target: {fileID: 466752, guid: 7823e57245d2ee34d995f8236ebc7c73, type: 3}
      propertyPath: m_LocalRotation.w
      value: 1
      objectReference: {fileID: 0}
    - target: {fileID: 466752, guid: 7823e57245d2ee34d995f8236ebc7c73, type: 3}
      propertyPath: m_RootOrder
      value: 7
      objectReference: {fileID: 0}
    - target: {fileID: 466752, guid: 7823e57245d2ee34d995f8236ebc7c73, type: 3}
      propertyPath: m_LocalEulerAnglesHint.x
      value: 0
      objectReference: {fileID: 0}
    - target: {fileID: 466752, guid: 7823e57245d2ee34d995f8236ebc7c73, type: 3}
      propertyPath: m_LocalEulerAnglesHint.y
      value: 0
      objectReference: {fileID: 0}
    - target: {fileID: 466752, guid: 7823e57245d2ee34d995f8236ebc7c73, type: 3}
      propertyPath: m_LocalEulerAnglesHint.z
      value: 0
      objectReference: {fileID: 0}
    m_RemovedComponents: []
  m_SourcePrefab: {fileID: 100100000, guid: 7823e57245d2ee34d995f8236ebc7c73, type: 3}
--- !u!4 &6038136762883433939 stripped
Transform:
  m_CorrespondingSourceObject: {fileID: 466752, guid: 7823e57245d2ee34d995f8236ebc7c73,
    type: 3}
  m_PrefabInstance: {fileID: 6038136762883373715}
  m_PrefabAsset: {fileID: 0}
--- !u!1001 &6188471034615856621
PrefabInstance:
  m_ObjectHideFlags: 0
  serializedVersion: 2
  m_Modification:
    m_TransformParent: {fileID: 3054423192489411645}
    m_Modifications:
    - target: {fileID: 100000, guid: 0c64ca4d34a30744493b0c9585bad689, type: 3}
      propertyPath: m_Name
      value: fi_vil_woven01_05
      objectReference: {fileID: 0}
    - target: {fileID: 400000, guid: 0c64ca4d34a30744493b0c9585bad689, type: 3}
      propertyPath: m_LocalPosition.x
      value: 1.0139999
      objectReference: {fileID: 0}
    - target: {fileID: 400000, guid: 0c64ca4d34a30744493b0c9585bad689, type: 3}
      propertyPath: m_LocalPosition.y
      value: -0.135
      objectReference: {fileID: 0}
    - target: {fileID: 400000, guid: 0c64ca4d34a30744493b0c9585bad689, type: 3}
      propertyPath: m_LocalPosition.z
      value: 4.059
      objectReference: {fileID: 0}
    - target: {fileID: 400000, guid: 0c64ca4d34a30744493b0c9585bad689, type: 3}
      propertyPath: m_LocalRotation.x
      value: -0
      objectReference: {fileID: 0}
    - target: {fileID: 400000, guid: 0c64ca4d34a30744493b0c9585bad689, type: 3}
      propertyPath: m_LocalRotation.y
      value: -0.70710576
      objectReference: {fileID: 0}
    - target: {fileID: 400000, guid: 0c64ca4d34a30744493b0c9585bad689, type: 3}
      propertyPath: m_LocalRotation.z
      value: -0
      objectReference: {fileID: 0}
    - target: {fileID: 400000, guid: 0c64ca4d34a30744493b0c9585bad689, type: 3}
      propertyPath: m_LocalRotation.w
      value: 0.70710784
      objectReference: {fileID: 0}
    - target: {fileID: 400000, guid: 0c64ca4d34a30744493b0c9585bad689, type: 3}
      propertyPath: m_RootOrder
      value: 7
      objectReference: {fileID: 0}
    - target: {fileID: 400000, guid: 0c64ca4d34a30744493b0c9585bad689, type: 3}
      propertyPath: m_LocalEulerAnglesHint.x
      value: 0
      objectReference: {fileID: 0}
    - target: {fileID: 400000, guid: 0c64ca4d34a30744493b0c9585bad689, type: 3}
      propertyPath: m_LocalEulerAnglesHint.y
      value: -90.00001
      objectReference: {fileID: 0}
    - target: {fileID: 400000, guid: 0c64ca4d34a30744493b0c9585bad689, type: 3}
      propertyPath: m_LocalEulerAnglesHint.z
      value: 0
      objectReference: {fileID: 0}
    m_RemovedComponents: []
  m_SourcePrefab: {fileID: 100100000, guid: 0c64ca4d34a30744493b0c9585bad689, type: 3}
--- !u!4 &6188471034615981933 stripped
Transform:
  m_CorrespondingSourceObject: {fileID: 400000, guid: 0c64ca4d34a30744493b0c9585bad689,
    type: 3}
  m_PrefabInstance: {fileID: 6188471034615856621}
  m_PrefabAsset: {fileID: 0}
--- !u!1001 &6822584033910982528
PrefabInstance:
  m_ObjectHideFlags: 0
  serializedVersion: 2
  m_Modification:
    m_TransformParent: {fileID: 6905547131109739487}
    m_Modifications:
    - target: {fileID: 100000, guid: 2a4b3f66f348fda4d985358c473e4b5b, type: 3}
      propertyPath: m_Name
      value: fi_vil_farm_trough03_2m_B
      objectReference: {fileID: 0}
    - target: {fileID: 400000, guid: 2a4b3f66f348fda4d985358c473e4b5b, type: 3}
      propertyPath: m_LocalPosition.x
      value: 3.509
      objectReference: {fileID: 0}
    - target: {fileID: 400000, guid: 2a4b3f66f348fda4d985358c473e4b5b, type: 3}
      propertyPath: m_LocalPosition.y
      value: 0
      objectReference: {fileID: 0}
    - target: {fileID: 400000, guid: 2a4b3f66f348fda4d985358c473e4b5b, type: 3}
      propertyPath: m_LocalPosition.z
      value: -2.918
      objectReference: {fileID: 0}
    - target: {fileID: 400000, guid: 2a4b3f66f348fda4d985358c473e4b5b, type: 3}
      propertyPath: m_LocalRotation.x
      value: -0
      objectReference: {fileID: 0}
    - target: {fileID: 400000, guid: 2a4b3f66f348fda4d985358c473e4b5b, type: 3}
      propertyPath: m_LocalRotation.y
      value: -0
      objectReference: {fileID: 0}
    - target: {fileID: 400000, guid: 2a4b3f66f348fda4d985358c473e4b5b, type: 3}
      propertyPath: m_LocalRotation.z
      value: -0
      objectReference: {fileID: 0}
    - target: {fileID: 400000, guid: 2a4b3f66f348fda4d985358c473e4b5b, type: 3}
      propertyPath: m_LocalRotation.w
      value: 1
      objectReference: {fileID: 0}
    - target: {fileID: 400000, guid: 2a4b3f66f348fda4d985358c473e4b5b, type: 3}
      propertyPath: m_RootOrder
      value: 16
      objectReference: {fileID: 0}
    - target: {fileID: 400000, guid: 2a4b3f66f348fda4d985358c473e4b5b, type: 3}
      propertyPath: m_LocalEulerAnglesHint.x
      value: 0
      objectReference: {fileID: 0}
    - target: {fileID: 400000, guid: 2a4b3f66f348fda4d985358c473e4b5b, type: 3}
      propertyPath: m_LocalEulerAnglesHint.y
      value: 0
      objectReference: {fileID: 0}
    - target: {fileID: 400000, guid: 2a4b3f66f348fda4d985358c473e4b5b, type: 3}
      propertyPath: m_LocalEulerAnglesHint.z
      value: 0
      objectReference: {fileID: 0}
    m_RemovedComponents: []
  m_SourcePrefab: {fileID: 100100000, guid: 2a4b3f66f348fda4d985358c473e4b5b, type: 3}
--- !u!4 &6822584033910856960 stripped
Transform:
  m_CorrespondingSourceObject: {fileID: 400000, guid: 2a4b3f66f348fda4d985358c473e4b5b,
    type: 3}
  m_PrefabInstance: {fileID: 6822584033910982528}
  m_PrefabAsset: {fileID: 0}
--- !u!1001 &7741731002799406880
PrefabInstance:
  m_ObjectHideFlags: 0
  serializedVersion: 2
  m_Modification:
    m_TransformParent: {fileID: 6905547131109739487}
    m_Modifications:
    - target: {fileID: 100000, guid: fbe2c7c1e21bd2b4bb533a83c4b501ea, type: 3}
      propertyPath: m_Name
      value: fi_vil_farm_trough03_2m
      objectReference: {fileID: 0}
    - target: {fileID: 400000, guid: fbe2c7c1e21bd2b4bb533a83c4b501ea, type: 3}
      propertyPath: m_LocalPosition.x
      value: 3.652
      objectReference: {fileID: 0}
    - target: {fileID: 400000, guid: fbe2c7c1e21bd2b4bb533a83c4b501ea, type: 3}
      propertyPath: m_LocalPosition.y
      value: 0
      objectReference: {fileID: 0}
    - target: {fileID: 400000, guid: fbe2c7c1e21bd2b4bb533a83c4b501ea, type: 3}
      propertyPath: m_LocalPosition.z
      value: 2.902
      objectReference: {fileID: 0}
    - target: {fileID: 400000, guid: fbe2c7c1e21bd2b4bb533a83c4b501ea, type: 3}
      propertyPath: m_LocalRotation.x
      value: -0
      objectReference: {fileID: 0}
    - target: {fileID: 400000, guid: fbe2c7c1e21bd2b4bb533a83c4b501ea, type: 3}
      propertyPath: m_LocalRotation.y
      value: -0
      objectReference: {fileID: 0}
    - target: {fileID: 400000, guid: fbe2c7c1e21bd2b4bb533a83c4b501ea, type: 3}
      propertyPath: m_LocalRotation.z
      value: -0
      objectReference: {fileID: 0}
    - target: {fileID: 400000, guid: fbe2c7c1e21bd2b4bb533a83c4b501ea, type: 3}
      propertyPath: m_LocalRotation.w
      value: 1
      objectReference: {fileID: 0}
    - target: {fileID: 400000, guid: fbe2c7c1e21bd2b4bb533a83c4b501ea, type: 3}
      propertyPath: m_RootOrder
      value: 17
      objectReference: {fileID: 0}
    - target: {fileID: 400000, guid: fbe2c7c1e21bd2b4bb533a83c4b501ea, type: 3}
      propertyPath: m_LocalEulerAnglesHint.x
      value: 0
      objectReference: {fileID: 0}
    - target: {fileID: 400000, guid: fbe2c7c1e21bd2b4bb533a83c4b501ea, type: 3}
      propertyPath: m_LocalEulerAnglesHint.y
      value: 0
      objectReference: {fileID: 0}
    - target: {fileID: 400000, guid: fbe2c7c1e21bd2b4bb533a83c4b501ea, type: 3}
      propertyPath: m_LocalEulerAnglesHint.z
      value: 0
      objectReference: {fileID: 0}
    m_RemovedComponents: []
  m_SourcePrefab: {fileID: 100100000, guid: fbe2c7c1e21bd2b4bb533a83c4b501ea, type: 3}
--- !u!4 &7741731002799269280 stripped
Transform:
  m_CorrespondingSourceObject: {fileID: 400000, guid: fbe2c7c1e21bd2b4bb533a83c4b501ea,
    type: 3}
  m_PrefabInstance: {fileID: 7741731002799406880}
  m_PrefabAsset: {fileID: 0}
--- !u!1001 &7943324808251852103
PrefabInstance:
  m_ObjectHideFlags: 0
  serializedVersion: 2
  m_Modification:
    m_TransformParent: {fileID: 6905547131109739487}
    m_Modifications:
    - target: {fileID: 198752, guid: 7823e57245d2ee34d995f8236ebc7c73, type: 3}
      propertyPath: m_Name
      value: fe_vil_barrel_S1a
      objectReference: {fileID: 0}
    - target: {fileID: 466752, guid: 7823e57245d2ee34d995f8236ebc7c73, type: 3}
      propertyPath: m_LocalPosition.x
      value: 4.393
      objectReference: {fileID: 0}
    - target: {fileID: 466752, guid: 7823e57245d2ee34d995f8236ebc7c73, type: 3}
      propertyPath: m_LocalPosition.y
      value: 0
      objectReference: {fileID: 0}
    - target: {fileID: 466752, guid: 7823e57245d2ee34d995f8236ebc7c73, type: 3}
      propertyPath: m_LocalPosition.z
      value: 3.828
      objectReference: {fileID: 0}
    - target: {fileID: 466752, guid: 7823e57245d2ee34d995f8236ebc7c73, type: 3}
      propertyPath: m_LocalRotation.x
      value: -0
      objectReference: {fileID: 0}
    - target: {fileID: 466752, guid: 7823e57245d2ee34d995f8236ebc7c73, type: 3}
      propertyPath: m_LocalRotation.y
      value: -0
      objectReference: {fileID: 0}
    - target: {fileID: 466752, guid: 7823e57245d2ee34d995f8236ebc7c73, type: 3}
      propertyPath: m_LocalRotation.z
      value: -0
      objectReference: {fileID: 0}
    - target: {fileID: 466752, guid: 7823e57245d2ee34d995f8236ebc7c73, type: 3}
      propertyPath: m_LocalRotation.w
      value: 1
      objectReference: {fileID: 0}
    - target: {fileID: 466752, guid: 7823e57245d2ee34d995f8236ebc7c73, type: 3}
      propertyPath: m_RootOrder
      value: 6
      objectReference: {fileID: 0}
    - target: {fileID: 466752, guid: 7823e57245d2ee34d995f8236ebc7c73, type: 3}
      propertyPath: m_LocalEulerAnglesHint.x
      value: 0
      objectReference: {fileID: 0}
    - target: {fileID: 466752, guid: 7823e57245d2ee34d995f8236ebc7c73, type: 3}
      propertyPath: m_LocalEulerAnglesHint.y
      value: 0
      objectReference: {fileID: 0}
    - target: {fileID: 466752, guid: 7823e57245d2ee34d995f8236ebc7c73, type: 3}
      propertyPath: m_LocalEulerAnglesHint.z
      value: 0
      objectReference: {fileID: 0}
    m_RemovedComponents: []
  m_SourcePrefab: {fileID: 100100000, guid: 7823e57245d2ee34d995f8236ebc7c73, type: 3}
--- !u!4 &7943324808251529735 stripped
Transform:
  m_CorrespondingSourceObject: {fileID: 466752, guid: 7823e57245d2ee34d995f8236ebc7c73,
    type: 3}
  m_PrefabInstance: {fileID: 7943324808251852103}
  m_PrefabAsset: {fileID: 0}
--- !u!1001 &7946996091917346514
PrefabInstance:
  m_ObjectHideFlags: 0
  serializedVersion: 2
  m_Modification:
    m_TransformParent: {fileID: 3054423192489411645}
    m_Modifications:
    - target: {fileID: 100000, guid: 0c64ca4d34a30744493b0c9585bad689, type: 3}
      propertyPath: m_Name
      value: fi_vil_woven01_05
      objectReference: {fileID: 0}
    - target: {fileID: 400000, guid: 0c64ca4d34a30744493b0c9585bad689, type: 3}
      propertyPath: m_LocalPosition.x
      value: 4.049
      objectReference: {fileID: 0}
    - target: {fileID: 400000, guid: 0c64ca4d34a30744493b0c9585bad689, type: 3}
      propertyPath: m_LocalPosition.y
      value: 0
      objectReference: {fileID: 0}
    - target: {fileID: 400000, guid: 0c64ca4d34a30744493b0c9585bad689, type: 3}
      propertyPath: m_LocalPosition.z
      value: -0.987
      objectReference: {fileID: 0}
    - target: {fileID: 400000, guid: 0c64ca4d34a30744493b0c9585bad689, type: 3}
      propertyPath: m_LocalRotation.x
      value: -0.0015651078
      objectReference: {fileID: 0}
    - target: {fileID: 400000, guid: 0c64ca4d34a30744493b0c9585bad689, type: 3}
      propertyPath: m_LocalRotation.y
      value: 0.04336392
      objectReference: {fileID: 0}
    - target: {fileID: 400000, guid: 0c64ca4d34a30744493b0c9585bad689, type: 3}
      propertyPath: m_LocalRotation.z
      value: -0.03577823
      objectReference: {fileID: 0}
    - target: {fileID: 400000, guid: 0c64ca4d34a30744493b0c9585bad689, type: 3}
      propertyPath: m_LocalRotation.w
      value: 0.99841726
      objectReference: {fileID: 0}
    - target: {fileID: 400000, guid: 0c64ca4d34a30744493b0c9585bad689, type: 3}
      propertyPath: m_RootOrder
      value: 1
      objectReference: {fileID: 0}
    - target: {fileID: 400000, guid: 0c64ca4d34a30744493b0c9585bad689, type: 3}
      propertyPath: m_LocalEulerAnglesHint.x
      value: -0.001
      objectReference: {fileID: 0}
    - target: {fileID: 400000, guid: 0c64ca4d34a30744493b0c9585bad689, type: 3}
      propertyPath: m_LocalEulerAnglesHint.y
      value: 4.9740005
      objectReference: {fileID: 0}
    - target: {fileID: 400000, guid: 0c64ca4d34a30744493b0c9585bad689, type: 3}
      propertyPath: m_LocalEulerAnglesHint.z
      value: -4.105
      objectReference: {fileID: 0}
    m_RemovedComponents: []
  m_SourcePrefab: {fileID: 100100000, guid: 0c64ca4d34a30744493b0c9585bad689, type: 3}
--- !u!4 &7946996091916958802 stripped
Transform:
  m_CorrespondingSourceObject: {fileID: 400000, guid: 0c64ca4d34a30744493b0c9585bad689,
    type: 3}
  m_PrefabInstance: {fileID: 7946996091917346514}
  m_PrefabAsset: {fileID: 0}
--- !u!1001 &8446893739799666345
PrefabInstance:
  m_ObjectHideFlags: 0
  serializedVersion: 2
  m_Modification:
    m_TransformParent: {fileID: 3054423192489411645}
    m_Modifications:
    - target: {fileID: 100000, guid: 73b54439efa5aba458d68603a329f9f2, type: 3}
      propertyPath: m_Name
      value: fi_vil_woven01_11
      objectReference: {fileID: 0}
    - target: {fileID: 400000, guid: 73b54439efa5aba458d68603a329f9f2, type: 3}
      propertyPath: m_LocalPosition.x
      value: -4.11
      objectReference: {fileID: 0}
    - target: {fileID: 400000, guid: 73b54439efa5aba458d68603a329f9f2, type: 3}
      propertyPath: m_LocalPosition.y
      value: 0
      objectReference: {fileID: 0}
    - target: {fileID: 400000, guid: 73b54439efa5aba458d68603a329f9f2, type: 3}
      propertyPath: m_LocalPosition.z
      value: -1.047
      objectReference: {fileID: 0}
    - target: {fileID: 400000, guid: 73b54439efa5aba458d68603a329f9f2, type: 3}
      propertyPath: m_LocalRotation.x
      value: 0.003585167
      objectReference: {fileID: 0}
    - target: {fileID: 400000, guid: 73b54439efa5aba458d68603a329f9f2, type: 3}
      propertyPath: m_LocalRotation.y
      value: -0.03277948
      objectReference: {fileID: 0}
    - target: {fileID: 400000, guid: 73b54439efa5aba458d68603a329f9f2, type: 3}
      propertyPath: m_LocalRotation.z
      value: 0.023544524
      objectReference: {fileID: 0}
    - target: {fileID: 400000, guid: 73b54439efa5aba458d68603a329f9f2, type: 3}
      propertyPath: m_LocalRotation.w
      value: 0.9991788
      objectReference: {fileID: 0}
    - target: {fileID: 400000, guid: 73b54439efa5aba458d68603a329f9f2, type: 3}
      propertyPath: m_RootOrder
      value: 10
      objectReference: {fileID: 0}
    - target: {fileID: 400000, guid: 73b54439efa5aba458d68603a329f9f2, type: 3}
      propertyPath: m_LocalEulerAnglesHint.x
      value: 0.499
      objectReference: {fileID: 0}
    - target: {fileID: 400000, guid: 73b54439efa5aba458d68603a329f9f2, type: 3}
      propertyPath: m_LocalEulerAnglesHint.y
      value: -3.7460003
      objectReference: {fileID: 0}
    - target: {fileID: 400000, guid: 73b54439efa5aba458d68603a329f9f2, type: 3}
      propertyPath: m_LocalEulerAnglesHint.z
      value: 2.683
      objectReference: {fileID: 0}
    m_RemovedComponents: []
  m_SourcePrefab: {fileID: 100100000, guid: 73b54439efa5aba458d68603a329f9f2, type: 3}
--- !u!4 &8446893739799790633 stripped
Transform:
  m_CorrespondingSourceObject: {fileID: 400000, guid: 73b54439efa5aba458d68603a329f9f2,
    type: 3}
  m_PrefabInstance: {fileID: 8446893739799666345}
  m_PrefabAsset: {fileID: 0}
--- !u!1001 &8464296854690603488
PrefabInstance:
  m_ObjectHideFlags: 0
  serializedVersion: 2
  m_Modification:
    m_TransformParent: {fileID: 6905547131109739487}
    m_Modifications:
    - target: {fileID: 100000, guid: 7656141e51f967d4a85c50748fd2fadf, type: 3}
      propertyPath: m_Name
      value: fi_vil_farm_trough01_1m
      objectReference: {fileID: 0}
    - target: {fileID: 400000, guid: 7656141e51f967d4a85c50748fd2fadf, type: 3}
      propertyPath: m_LocalPosition.x
      value: -1.4620001
      objectReference: {fileID: 0}
    - target: {fileID: 400000, guid: 7656141e51f967d4a85c50748fd2fadf, type: 3}
      propertyPath: m_LocalPosition.y
      value: 0
      objectReference: {fileID: 0}
    - target: {fileID: 400000, guid: 7656141e51f967d4a85c50748fd2fadf, type: 3}
      propertyPath: m_LocalPosition.z
      value: 3.678
      objectReference: {fileID: 0}
    - target: {fileID: 400000, guid: 7656141e51f967d4a85c50748fd2fadf, type: 3}
      propertyPath: m_LocalRotation.x
      value: -0
      objectReference: {fileID: 0}
    - target: {fileID: 400000, guid: 7656141e51f967d4a85c50748fd2fadf, type: 3}
      propertyPath: m_LocalRotation.y
      value: -0.7159303
      objectReference: {fileID: 0}
    - target: {fileID: 400000, guid: 7656141e51f967d4a85c50748fd2fadf, type: 3}
      propertyPath: m_LocalRotation.z
      value: -0
      objectReference: {fileID: 0}
    - target: {fileID: 400000, guid: 7656141e51f967d4a85c50748fd2fadf, type: 3}
      propertyPath: m_LocalRotation.w
      value: 0.6981718
      objectReference: {fileID: 0}
    - target: {fileID: 400000, guid: 7656141e51f967d4a85c50748fd2fadf, type: 3}
      propertyPath: m_RootOrder
      value: 0
      objectReference: {fileID: 0}
    - target: {fileID: 400000, guid: 7656141e51f967d4a85c50748fd2fadf, type: 3}
      propertyPath: m_LocalEulerAnglesHint.x
      value: 0
      objectReference: {fileID: 0}
    - target: {fileID: 400000, guid: 7656141e51f967d4a85c50748fd2fadf, type: 3}
      propertyPath: m_LocalEulerAnglesHint.y
      value: -91.439
      objectReference: {fileID: 0}
    - target: {fileID: 400000, guid: 7656141e51f967d4a85c50748fd2fadf, type: 3}
      propertyPath: m_LocalEulerAnglesHint.z
      value: 0
      objectReference: {fileID: 0}
    m_RemovedComponents: []
  m_SourcePrefab: {fileID: 100100000, guid: 7656141e51f967d4a85c50748fd2fadf, type: 3}
--- !u!4 &8464296854690741088 stripped
Transform:
  m_CorrespondingSourceObject: {fileID: 400000, guid: 7656141e51f967d4a85c50748fd2fadf,
    type: 3}
  m_PrefabInstance: {fileID: 8464296854690603488}
  m_PrefabAsset: {fileID: 0}
--- !u!1001 &9215476835261285841
PrefabInstance:
  m_ObjectHideFlags: 0
  serializedVersion: 2
  m_Modification:
    m_TransformParent: {fileID: 3054423192489411645}
    m_Modifications:
    - target: {fileID: 100000, guid: ed43b0b9e563f8b41a4a3c9e46fd6543, type: 3}
      propertyPath: m_Name
      value: fi_vil_woven01_07
      objectReference: {fileID: 0}
    - target: {fileID: 400000, guid: ed43b0b9e563f8b41a4a3c9e46fd6543, type: 3}
      propertyPath: m_LocalPosition.x
      value: -4.11
      objectReference: {fileID: 0}
    - target: {fileID: 400000, guid: ed43b0b9e563f8b41a4a3c9e46fd6543, type: 3}
      propertyPath: m_LocalPosition.y
      value: -0.03
      objectReference: {fileID: 0}
    - target: {fileID: 400000, guid: ed43b0b9e563f8b41a4a3c9e46fd6543, type: 3}
      propertyPath: m_LocalPosition.z
      value: 1.0069999
      objectReference: {fileID: 0}
    - target: {fileID: 400000, guid: ed43b0b9e563f8b41a4a3c9e46fd6543, type: 3}
      propertyPath: m_LocalRotation.x
      value: -0
      objectReference: {fileID: 0}
    - target: {fileID: 400000, guid: ed43b0b9e563f8b41a4a3c9e46fd6543, type: 3}
      propertyPath: m_LocalRotation.y
      value: -0
      objectReference: {fileID: 0}
    - target: {fileID: 400000, guid: ed43b0b9e563f8b41a4a3c9e46fd6543, type: 3}
      propertyPath: m_LocalRotation.z
      value: -0
      objectReference: {fileID: 0}
    - target: {fileID: 400000, guid: ed43b0b9e563f8b41a4a3c9e46fd6543, type: 3}
      propertyPath: m_LocalRotation.w
      value: 1
      objectReference: {fileID: 0}
    - target: {fileID: 400000, guid: ed43b0b9e563f8b41a4a3c9e46fd6543, type: 3}
      propertyPath: m_RootOrder
      value: 3
      objectReference: {fileID: 0}
    - target: {fileID: 400000, guid: ed43b0b9e563f8b41a4a3c9e46fd6543, type: 3}
      propertyPath: m_LocalEulerAnglesHint.x
      value: 0
      objectReference: {fileID: 0}
    - target: {fileID: 400000, guid: ed43b0b9e563f8b41a4a3c9e46fd6543, type: 3}
      propertyPath: m_LocalEulerAnglesHint.y
      value: 0
      objectReference: {fileID: 0}
    - target: {fileID: 400000, guid: ed43b0b9e563f8b41a4a3c9e46fd6543, type: 3}
      propertyPath: m_LocalEulerAnglesHint.z
      value: 0
      objectReference: {fileID: 0}
    m_RemovedComponents: []
  m_SourcePrefab: {fileID: 100100000, guid: ed43b0b9e563f8b41a4a3c9e46fd6543, type: 3}
--- !u!4 &9215476835260899153 stripped
Transform:
  m_CorrespondingSourceObject: {fileID: 400000, guid: ed43b0b9e563f8b41a4a3c9e46fd6543,
    type: 3}
  m_PrefabInstance: {fileID: 9215476835261285841}
  m_PrefabAsset: {fileID: 0}
