%YAML 1.1
%TAG !u! tag:unity3d.com,2011:
--- !u!1 &1404458761781536972
GameObject:
  m_ObjectHideFlags: 0
  m_CorrespondingSourceObject: {fileID: 0}
  m_PrefabInstance: {fileID: 0}
  m_PrefabAsset: {fileID: 0}
  serializedVersion: 6
  m_Component:
  - component: {fileID: 1404458761781536973}
  m_Layer: 0
  m_Name: PenSet05B
  m_TagString: Untagged
  m_Icon: {fileID: 0}
  m_NavMeshLayer: 0
  m_StaticEditorFlags: 0
  m_IsActive: 1
--- !u!4 &1404458761781536973
Transform:
  m_ObjectHideFlags: 0
  m_CorrespondingSourceObject: {fileID: 0}
  m_PrefabInstance: {fileID: 0}
  m_PrefabAsset: {fileID: 0}
  m_GameObject: {fileID: 1404458761781536972}
  m_LocalRotation: {x: -0, y: -0, z: -0, w: 1}
  m_LocalPosition: {x: 0, y: 0, z: 0}
  m_LocalScale: {x: 1, y: 1, z: 1}
  m_Children:
  - {fileID: 3825551083892802456}
  - {fileID: 6293702068876546210}
  - {fileID: 3864534840079209062}
  - {fileID: 5115294383234003873}
  - {fileID: 1337047641982552213}
  - {fileID: 3067164154493943867}
  - {fileID: 4189365663332638353}
  - {fileID: 7854000564264487837}
  - {fileID: 3402526239635204447}
  - {fileID: 3665535660042112123}
  - {fileID: 5487560703971387609}
  - {fileID: 4607805215929693966}
  - {fileID: 8584516185867894252}
  - {fileID: 1121976542968946854}
  - {fileID: 7407208624795428655}
  m_Father: {fileID: 0}
  m_RootOrder: 0
  m_LocalEulerAnglesHint: {x: 0, y: 0, z: 0}
--- !u!1 &5136936526081311471
GameObject:
  m_ObjectHideFlags: 0
  m_CorrespondingSourceObject: {fileID: 0}
  m_PrefabInstance: {fileID: 0}
  m_PrefabAsset: {fileID: 0}
  serializedVersion: 6
  m_Component:
  - component: {fileID: 7407208624795428655}
  m_Layer: 0
  m_Name: Props
  m_TagString: Untagged
  m_Icon: {fileID: 0}
  m_NavMeshLayer: 0
  m_StaticEditorFlags: 0
  m_IsActive: 1
--- !u!4 &7407208624795428655
Transform:
  m_ObjectHideFlags: 0
  m_CorrespondingSourceObject: {fileID: 0}
  m_PrefabInstance: {fileID: 0}
  m_PrefabAsset: {fileID: 0}
  m_GameObject: {fileID: 5136936526081311471}
  m_LocalRotation: {x: -0, y: -0, z: -0, w: 1}
  m_LocalPosition: {x: 0, y: 0, z: 0}
  m_LocalScale: {x: 1, y: 1, z: 1}
  m_Children:
  - {fileID: 8388328922199173125}
  - {fileID: 5506186403285538704}
  - {fileID: 187175313881325743}
  - {fileID: 2450545175065724383}
  - {fileID: 2989804355775959640}
  - {fileID: 4784437439951389355}
  m_Father: {fileID: 1404458761781536973}
  m_RootOrder: 14
  m_LocalEulerAnglesHint: {x: 0, y: 0, z: 0}
--- !u!1001 &187175313880939055
PrefabInstance:
  m_ObjectHideFlags: 0
  serializedVersion: 2
  m_Modification:
    m_TransformParent: {fileID: 7407208624795428655}
    m_Modifications:
    - target: {fileID: 100000, guid: c5067c2fbf7aba14fb83d62f239e0f6d, type: 3}
      propertyPath: m_Name
      value: fi_vil_farm_trough01_2m
      objectReference: {fileID: 0}
    - target: {fileID: 400000, guid: c5067c2fbf7aba14fb83d62f239e0f6d, type: 3}
      propertyPath: m_LocalPosition.x
      value: -3.767
      objectReference: {fileID: 0}
    - target: {fileID: 400000, guid: c5067c2fbf7aba14fb83d62f239e0f6d, type: 3}
      propertyPath: m_LocalPosition.y
      value: 0
      objectReference: {fileID: 0}
    - target: {fileID: 400000, guid: c5067c2fbf7aba14fb83d62f239e0f6d, type: 3}
      propertyPath: m_LocalPosition.z
      value: -1.762
      objectReference: {fileID: 0}
    - target: {fileID: 400000, guid: c5067c2fbf7aba14fb83d62f239e0f6d, type: 3}
      propertyPath: m_LocalRotation.x
      value: -0
      objectReference: {fileID: 0}
    - target: {fileID: 400000, guid: c5067c2fbf7aba14fb83d62f239e0f6d, type: 3}
      propertyPath: m_LocalRotation.y
      value: -0.034107894
      objectReference: {fileID: 0}
    - target: {fileID: 400000, guid: c5067c2fbf7aba14fb83d62f239e0f6d, type: 3}
      propertyPath: m_LocalRotation.z
      value: -0
      objectReference: {fileID: 0}
    - target: {fileID: 400000, guid: c5067c2fbf7aba14fb83d62f239e0f6d, type: 3}
      propertyPath: m_LocalRotation.w
      value: 0.99941814
      objectReference: {fileID: 0}
    - target: {fileID: 400000, guid: c5067c2fbf7aba14fb83d62f239e0f6d, type: 3}
      propertyPath: m_RootOrder
      value: 2
      objectReference: {fileID: 0}
    - target: {fileID: 400000, guid: c5067c2fbf7aba14fb83d62f239e0f6d, type: 3}
      propertyPath: m_LocalEulerAnglesHint.x
      value: 0
      objectReference: {fileID: 0}
    - target: {fileID: 400000, guid: c5067c2fbf7aba14fb83d62f239e0f6d, type: 3}
      propertyPath: m_LocalEulerAnglesHint.y
      value: -3.9090002
      objectReference: {fileID: 0}
    - target: {fileID: 400000, guid: c5067c2fbf7aba14fb83d62f239e0f6d, type: 3}
      propertyPath: m_LocalEulerAnglesHint.z
      value: 0
      objectReference: {fileID: 0}
    m_RemovedComponents: []
  m_SourcePrefab: {fileID: 100100000, guid: c5067c2fbf7aba14fb83d62f239e0f6d, type: 3}
--- !u!4 &187175313881325743 stripped
Transform:
  m_CorrespondingSourceObject: {fileID: 400000, guid: c5067c2fbf7aba14fb83d62f239e0f6d,
    type: 3}
  m_PrefabInstance: {fileID: 187175313880939055}
  m_PrefabAsset: {fileID: 0}
--- !u!1001 &1046471542988517791
PrefabInstance:
  m_ObjectHideFlags: 0
  serializedVersion: 2
  m_Modification:
    m_TransformParent: {fileID: 7407208624795428655}
    m_Modifications:
    - target: {fileID: 4645548366187271056, guid: 6d379b4658fa79647a7ade480b2b5355,
        type: 3}
      propertyPath: m_LocalPosition.x
      value: -0.754
      objectReference: {fileID: 0}
    - target: {fileID: 4645548366187271056, guid: 6d379b4658fa79647a7ade480b2b5355,
        type: 3}
      propertyPath: m_LocalPosition.z
      value: -0.46
      objectReference: {fileID: 0}
    - target: {fileID: 4645548366187271056, guid: 6d379b4658fa79647a7ade480b2b5355,
        type: 3}
      propertyPath: m_LocalRotation.y
      value: 0.46346703
      objectReference: {fileID: 0}
    - target: {fileID: 4645548366187271056, guid: 6d379b4658fa79647a7ade480b2b5355,
        type: 3}
      propertyPath: m_LocalRotation.w
      value: 0.88611424
      objectReference: {fileID: 0}
    - target: {fileID: 4645548366187271056, guid: 6d379b4658fa79647a7ade480b2b5355,
        type: 3}
      propertyPath: m_LocalEulerAnglesHint.y
      value: 55.222004
      objectReference: {fileID: 0}
    - target: {fileID: 5539547191955387188, guid: 6d379b4658fa79647a7ade480b2b5355,
        type: 3}
      propertyPath: m_LocalPosition.x
      value: -3.738
      objectReference: {fileID: 0}
    - target: {fileID: 5539547191955387188, guid: 6d379b4658fa79647a7ade480b2b5355,
        type: 3}
      propertyPath: m_LocalPosition.y
      value: 0
      objectReference: {fileID: 0}
    - target: {fileID: 5539547191955387188, guid: 6d379b4658fa79647a7ade480b2b5355,
        type: 3}
      propertyPath: m_LocalPosition.z
      value: -3.867
      objectReference: {fileID: 0}
    - target: {fileID: 5539547191955387188, guid: 6d379b4658fa79647a7ade480b2b5355,
        type: 3}
      propertyPath: m_LocalRotation.x
      value: -0
      objectReference: {fileID: 0}
    - target: {fileID: 5539547191955387188, guid: 6d379b4658fa79647a7ade480b2b5355,
        type: 3}
      propertyPath: m_LocalRotation.y
      value: 0.53177094
      objectReference: {fileID: 0}
    - target: {fileID: 5539547191955387188, guid: 6d379b4658fa79647a7ade480b2b5355,
        type: 3}
      propertyPath: m_LocalRotation.z
      value: -0
      objectReference: {fileID: 0}
    - target: {fileID: 5539547191955387188, guid: 6d379b4658fa79647a7ade480b2b5355,
        type: 3}
      propertyPath: m_LocalRotation.w
      value: 0.84688824
      objectReference: {fileID: 0}
    - target: {fileID: 5539547191955387188, guid: 6d379b4658fa79647a7ade480b2b5355,
        type: 3}
      propertyPath: m_RootOrder
      value: 5
      objectReference: {fileID: 0}
    - target: {fileID: 5539547191955387188, guid: 6d379b4658fa79647a7ade480b2b5355,
        type: 3}
      propertyPath: m_LocalEulerAnglesHint.x
      value: 0
      objectReference: {fileID: 0}
    - target: {fileID: 5539547191955387188, guid: 6d379b4658fa79647a7ade480b2b5355,
        type: 3}
      propertyPath: m_LocalEulerAnglesHint.y
      value: 64.25
      objectReference: {fileID: 0}
    - target: {fileID: 5539547191955387188, guid: 6d379b4658fa79647a7ade480b2b5355,
        type: 3}
      propertyPath: m_LocalEulerAnglesHint.z
      value: 0
      objectReference: {fileID: 0}
    - target: {fileID: 5539547191955387191, guid: 6d379b4658fa79647a7ade480b2b5355,
        type: 3}
      propertyPath: m_Name
      value: Cluster02
      objectReference: {fileID: 0}
    - target: {fileID: 8094262697086700329, guid: 6d379b4658fa79647a7ade480b2b5355,
        type: 3}
      propertyPath: m_LocalPosition.x
      value: -1.627
      objectReference: {fileID: 0}
    - target: {fileID: 8094262697086700329, guid: 6d379b4658fa79647a7ade480b2b5355,
        type: 3}
      propertyPath: m_LocalPosition.z
      value: -0.112
      objectReference: {fileID: 0}
    m_RemovedComponents: []
  m_SourcePrefab: {fileID: 100100000, guid: 6d379b4658fa79647a7ade480b2b5355, type: 3}
--- !u!4 &4784437439951389355 stripped
Transform:
  m_CorrespondingSourceObject: {fileID: 5539547191955387188, guid: 6d379b4658fa79647a7ade480b2b5355,
    type: 3}
  m_PrefabInstance: {fileID: 1046471542988517791}
  m_PrefabAsset: {fileID: 0}
--- !u!1001 &1121976542968822310
PrefabInstance:
  m_ObjectHideFlags: 0
  serializedVersion: 2
  m_Modification:
    m_TransformParent: {fileID: 1404458761781536973}
    m_Modifications:
    - target: {fileID: 100000, guid: df9dc56be5718d543a49ee5c1212b460, type: 3}
      propertyPath: m_Name
      value: fi_vil_woven01_01
      objectReference: {fileID: 0}
    - target: {fileID: 400000, guid: df9dc56be5718d543a49ee5c1212b460, type: 3}
      propertyPath: m_LocalPosition.x
      value: 2.921
      objectReference: {fileID: 0}
    - target: {fileID: 400000, guid: df9dc56be5718d543a49ee5c1212b460, type: 3}
      propertyPath: m_LocalPosition.y
      value: -0.009
      objectReference: {fileID: 0}
    - target: {fileID: 400000, guid: df9dc56be5718d543a49ee5c1212b460, type: 3}
      propertyPath: m_LocalPosition.z
      value: -3.047
      objectReference: {fileID: 0}
    - target: {fileID: 400000, guid: df9dc56be5718d543a49ee5c1212b460, type: 3}
      propertyPath: m_LocalRotation.x
      value: -0
      objectReference: {fileID: 0}
    - target: {fileID: 400000, guid: df9dc56be5718d543a49ee5c1212b460, type: 3}
      propertyPath: m_LocalRotation.y
      value: -0.70710576
      objectReference: {fileID: 0}
    - target: {fileID: 400000, guid: df9dc56be5718d543a49ee5c1212b460, type: 3}
      propertyPath: m_LocalRotation.z
      value: -0
      objectReference: {fileID: 0}
    - target: {fileID: 400000, guid: df9dc56be5718d543a49ee5c1212b460, type: 3}
      propertyPath: m_LocalRotation.w
      value: 0.70710784
      objectReference: {fileID: 0}
    - target: {fileID: 400000, guid: df9dc56be5718d543a49ee5c1212b460, type: 3}
      propertyPath: m_RootOrder
      value: 13
      objectReference: {fileID: 0}
    - target: {fileID: 400000, guid: df9dc56be5718d543a49ee5c1212b460, type: 3}
      propertyPath: m_LocalEulerAnglesHint.x
      value: 0
      objectReference: {fileID: 0}
    - target: {fileID: 400000, guid: df9dc56be5718d543a49ee5c1212b460, type: 3}
      propertyPath: m_LocalEulerAnglesHint.y
      value: -90.00001
      objectReference: {fileID: 0}
    - target: {fileID: 400000, guid: df9dc56be5718d543a49ee5c1212b460, type: 3}
      propertyPath: m_LocalEulerAnglesHint.z
      value: 0
      objectReference: {fileID: 0}
    m_RemovedComponents: []
  m_SourcePrefab: {fileID: 100100000, guid: df9dc56be5718d543a49ee5c1212b460, type: 3}
--- !u!4 &1121976542968946854 stripped
Transform:
  m_CorrespondingSourceObject: {fileID: 400000, guid: df9dc56be5718d543a49ee5c1212b460,
    type: 3}
  m_PrefabInstance: {fileID: 1121976542968822310}
  m_PrefabAsset: {fileID: 0}
--- !u!1001 &1337047641982423573
PrefabInstance:
  m_ObjectHideFlags: 0
  serializedVersion: 2
  m_Modification:
    m_TransformParent: {fileID: 1404458761781536973}
    m_Modifications:
    - target: {fileID: 100000, guid: 45274fb68e9e0684a8f2b53d0da8cc4d, type: 3}
      propertyPath: m_Name
      value: fi_vil_woven01_08
      objectReference: {fileID: 0}
    - target: {fileID: 400000, guid: 45274fb68e9e0684a8f2b53d0da8cc4d, type: 3}
      propertyPath: m_LocalPosition.x
      value: 0.964
      objectReference: {fileID: 0}
    - target: {fileID: 400000, guid: 45274fb68e9e0684a8f2b53d0da8cc4d, type: 3}
      propertyPath: m_LocalPosition.y
      value: -0.141
      objectReference: {fileID: 0}
    - target: {fileID: 400000, guid: 45274fb68e9e0684a8f2b53d0da8cc4d, type: 3}
      propertyPath: m_LocalPosition.z
      value: -3.054
      objectReference: {fileID: 0}
    - target: {fileID: 400000, guid: 45274fb68e9e0684a8f2b53d0da8cc4d, type: 3}
      propertyPath: m_LocalRotation.x
      value: -0
      objectReference: {fileID: 0}
    - target: {fileID: 400000, guid: 45274fb68e9e0684a8f2b53d0da8cc4d, type: 3}
      propertyPath: m_LocalRotation.y
      value: -0.70710576
      objectReference: {fileID: 0}
    - target: {fileID: 400000, guid: 45274fb68e9e0684a8f2b53d0da8cc4d, type: 3}
      propertyPath: m_LocalRotation.z
      value: -0
      objectReference: {fileID: 0}
    - target: {fileID: 400000, guid: 45274fb68e9e0684a8f2b53d0da8cc4d, type: 3}
      propertyPath: m_LocalRotation.w
      value: 0.7071079
      objectReference: {fileID: 0}
    - target: {fileID: 400000, guid: 45274fb68e9e0684a8f2b53d0da8cc4d, type: 3}
      propertyPath: m_RootOrder
      value: 4
      objectReference: {fileID: 0}
    - target: {fileID: 400000, guid: 45274fb68e9e0684a8f2b53d0da8cc4d, type: 3}
      propertyPath: m_LocalEulerAnglesHint.x
      value: 0
      objectReference: {fileID: 0}
    - target: {fileID: 400000, guid: 45274fb68e9e0684a8f2b53d0da8cc4d, type: 3}
      propertyPath: m_LocalEulerAnglesHint.y
      value: -90.00001
      objectReference: {fileID: 0}
    - target: {fileID: 400000, guid: 45274fb68e9e0684a8f2b53d0da8cc4d, type: 3}
      propertyPath: m_LocalEulerAnglesHint.z
      value: 0
      objectReference: {fileID: 0}
    m_RemovedComponents: []
  m_SourcePrefab: {fileID: 100100000, guid: 45274fb68e9e0684a8f2b53d0da8cc4d, type: 3}
--- !u!4 &1337047641982552213 stripped
Transform:
  m_CorrespondingSourceObject: {fileID: 400000, guid: 45274fb68e9e0684a8f2b53d0da8cc4d,
    type: 3}
  m_PrefabInstance: {fileID: 1337047641982423573}
  m_PrefabAsset: {fileID: 0}
--- !u!1001 &1649150224425008846
PrefabInstance:
  m_ObjectHideFlags: 0
  serializedVersion: 2
  m_Modification:
    m_TransformParent: {fileID: 7407208624795428655}
    m_Modifications:
    - target: {fileID: 3396058575649336184, guid: 755227ec7394b0644828ca60151f999d,
        type: 3}
      propertyPath: m_Name
      value: BarrowSet03B
      objectReference: {fileID: 0}
    - target: {fileID: 4584416329157225622, guid: 755227ec7394b0644828ca60151f999d,
        type: 3}
      propertyPath: m_LocalPosition.x
      value: 5.189
      objectReference: {fileID: 0}
    - target: {fileID: 4584416329157225622, guid: 755227ec7394b0644828ca60151f999d,
        type: 3}
      propertyPath: m_LocalPosition.y
      value: 0
      objectReference: {fileID: 0}
    - target: {fileID: 4584416329157225622, guid: 755227ec7394b0644828ca60151f999d,
        type: 3}
      propertyPath: m_LocalPosition.z
      value: -2.053
      objectReference: {fileID: 0}
    - target: {fileID: 4584416329157225622, guid: 755227ec7394b0644828ca60151f999d,
        type: 3}
      propertyPath: m_LocalRotation.x
      value: -0
      objectReference: {fileID: 0}
    - target: {fileID: 4584416329157225622, guid: 755227ec7394b0644828ca60151f999d,
        type: 3}
      propertyPath: m_LocalRotation.y
      value: 0.98621625
      objectReference: {fileID: 0}
    - target: {fileID: 4584416329157225622, guid: 755227ec7394b0644828ca60151f999d,
        type: 3}
      propertyPath: m_LocalRotation.z
      value: -0
      objectReference: {fileID: 0}
    - target: {fileID: 4584416329157225622, guid: 755227ec7394b0644828ca60151f999d,
        type: 3}
      propertyPath: m_LocalRotation.w
      value: -0.1654614
      objectReference: {fileID: 0}
    - target: {fileID: 4584416329157225622, guid: 755227ec7394b0644828ca60151f999d,
        type: 3}
      propertyPath: m_RootOrder
      value: 4
      objectReference: {fileID: 0}
    - target: {fileID: 4584416329157225622, guid: 755227ec7394b0644828ca60151f999d,
        type: 3}
      propertyPath: m_LocalEulerAnglesHint.x
      value: 0
      objectReference: {fileID: 0}
    - target: {fileID: 4584416329157225622, guid: 755227ec7394b0644828ca60151f999d,
        type: 3}
      propertyPath: m_LocalEulerAnglesHint.y
      value: 199.04799
      objectReference: {fileID: 0}
    - target: {fileID: 4584416329157225622, guid: 755227ec7394b0644828ca60151f999d,
        type: 3}
      propertyPath: m_LocalEulerAnglesHint.z
      value: 0
      objectReference: {fileID: 0}
    m_RemovedComponents: []
  m_SourcePrefab: {fileID: 100100000, guid: 755227ec7394b0644828ca60151f999d, type: 3}
--- !u!4 &2989804355775959640 stripped
Transform:
  m_CorrespondingSourceObject: {fileID: 4584416329157225622, guid: 755227ec7394b0644828ca60151f999d,
    type: 3}
  m_PrefabInstance: {fileID: 1649150224425008846}
  m_PrefabAsset: {fileID: 0}
--- !u!1001 &2450545175065369215
PrefabInstance:
  m_ObjectHideFlags: 0
  serializedVersion: 2
  m_Modification:
    m_TransformParent: {fileID: 7407208624795428655}
    m_Modifications:
    - target: {fileID: 114726, guid: 7a39cf4cc605b5e4eb31c9122bf0a6e7, type: 3}
      propertyPath: m_Name
      value: fe_vil_wagons_brokenwag_wheel02lean
      objectReference: {fileID: 0}
    - target: {fileID: 434080, guid: 7a39cf4cc605b5e4eb31c9122bf0a6e7, type: 3}
      propertyPath: m_LocalPosition.x
      value: 4.54
      objectReference: {fileID: 0}
    - target: {fileID: 434080, guid: 7a39cf4cc605b5e4eb31c9122bf0a6e7, type: 3}
      propertyPath: m_LocalPosition.y
      value: 0
      objectReference: {fileID: 0}
    - target: {fileID: 434080, guid: 7a39cf4cc605b5e4eb31c9122bf0a6e7, type: 3}
      propertyPath: m_LocalPosition.z
      value: 2.272
      objectReference: {fileID: 0}
    - target: {fileID: 434080, guid: 7a39cf4cc605b5e4eb31c9122bf0a6e7, type: 3}
      propertyPath: m_LocalRotation.x
      value: -0
      objectReference: {fileID: 0}
    - target: {fileID: 434080, guid: 7a39cf4cc605b5e4eb31c9122bf0a6e7, type: 3}
      propertyPath: m_LocalRotation.y
      value: -0
      objectReference: {fileID: 0}
    - target: {fileID: 434080, guid: 7a39cf4cc605b5e4eb31c9122bf0a6e7, type: 3}
      propertyPath: m_LocalRotation.z
      value: -0
      objectReference: {fileID: 0}
    - target: {fileID: 434080, guid: 7a39cf4cc605b5e4eb31c9122bf0a6e7, type: 3}
      propertyPath: m_LocalRotation.w
      value: 1
      objectReference: {fileID: 0}
    - target: {fileID: 434080, guid: 7a39cf4cc605b5e4eb31c9122bf0a6e7, type: 3}
      propertyPath: m_RootOrder
      value: 3
      objectReference: {fileID: 0}
    - target: {fileID: 434080, guid: 7a39cf4cc605b5e4eb31c9122bf0a6e7, type: 3}
      propertyPath: m_LocalEulerAnglesHint.x
      value: 0
      objectReference: {fileID: 0}
    - target: {fileID: 434080, guid: 7a39cf4cc605b5e4eb31c9122bf0a6e7, type: 3}
      propertyPath: m_LocalEulerAnglesHint.y
      value: 0
      objectReference: {fileID: 0}
    - target: {fileID: 434080, guid: 7a39cf4cc605b5e4eb31c9122bf0a6e7, type: 3}
      propertyPath: m_LocalEulerAnglesHint.z
      value: 0
      objectReference: {fileID: 0}
    m_RemovedComponents: []
  m_SourcePrefab: {fileID: 100100000, guid: 7a39cf4cc605b5e4eb31c9122bf0a6e7, type: 3}
--- !u!4 &2450545175065724383 stripped
Transform:
  m_CorrespondingSourceObject: {fileID: 434080, guid: 7a39cf4cc605b5e4eb31c9122bf0a6e7,
    type: 3}
  m_PrefabInstance: {fileID: 2450545175065369215}
  m_PrefabAsset: {fileID: 0}
--- !u!1001 &3067164154493819579
PrefabInstance:
  m_ObjectHideFlags: 0
  serializedVersion: 2
  m_Modification:
    m_TransformParent: {fileID: 1404458761781536973}
    m_Modifications:
    - target: {fileID: 100000, guid: 9a85a17daae1f6041aab7de098ac5e29, type: 3}
      propertyPath: m_Name
      value: fi_vil_woven01_09
      objectReference: {fileID: 0}
    - target: {fileID: 400000, guid: 9a85a17daae1f6041aab7de098ac5e29, type: 3}
      propertyPath: m_LocalPosition.x
      value: -1.022
      objectReference: {fileID: 0}
    - target: {fileID: 400000, guid: 9a85a17daae1f6041aab7de098ac5e29, type: 3}
      propertyPath: m_LocalPosition.y
      value: -0.034
      objectReference: {fileID: 0}
    - target: {fileID: 400000, guid: 9a85a17daae1f6041aab7de098ac5e29, type: 3}
      propertyPath: m_LocalPosition.z
      value: -3.054
      objectReference: {fileID: 0}
    - target: {fileID: 400000, guid: 9a85a17daae1f6041aab7de098ac5e29, type: 3}
      propertyPath: m_LocalRotation.x
      value: 0.0021577284
      objectReference: {fileID: 0}
    - target: {fileID: 400000, guid: 9a85a17daae1f6041aab7de098ac5e29, type: 3}
      propertyPath: m_LocalRotation.y
      value: -0.7062023
      objectReference: {fileID: 0}
    - target: {fileID: 400000, guid: 9a85a17daae1f6041aab7de098ac5e29, type: 3}
      propertyPath: m_LocalRotation.z
      value: 0.035671048
      objectReference: {fileID: 0}
    - target: {fileID: 400000, guid: 9a85a17daae1f6041aab7de098ac5e29, type: 3}
      propertyPath: m_LocalRotation.w
      value: 0.7071076
      objectReference: {fileID: 0}
    - target: {fileID: 400000, guid: 9a85a17daae1f6041aab7de098ac5e29, type: 3}
      propertyPath: m_RootOrder
      value: 5
      objectReference: {fileID: 0}
    - target: {fileID: 400000, guid: 9a85a17daae1f6041aab7de098ac5e29, type: 3}
      propertyPath: m_LocalEulerAnglesHint.x
      value: 3.0630002
      objectReference: {fileID: 0}
    - target: {fileID: 400000, guid: 9a85a17daae1f6041aab7de098ac5e29, type: 3}
      propertyPath: m_LocalEulerAnglesHint.y
      value: -89.854004
      objectReference: {fileID: 0}
    - target: {fileID: 400000, guid: 9a85a17daae1f6041aab7de098ac5e29, type: 3}
      propertyPath: m_LocalEulerAnglesHint.z
      value: 2.7210002
      objectReference: {fileID: 0}
    m_RemovedComponents: []
  m_SourcePrefab: {fileID: 100100000, guid: 9a85a17daae1f6041aab7de098ac5e29, type: 3}
--- !u!4 &3067164154493943867 stripped
Transform:
  m_CorrespondingSourceObject: {fileID: 400000, guid: 9a85a17daae1f6041aab7de098ac5e29,
    type: 3}
  m_PrefabInstance: {fileID: 3067164154493819579}
  m_PrefabAsset: {fileID: 0}
--- !u!1001 &3402526239634813919
PrefabInstance:
  m_ObjectHideFlags: 0
  serializedVersion: 2
  m_Modification:
    m_TransformParent: {fileID: 1404458761781536973}
    m_Modifications:
    - target: {fileID: 100000, guid: ed43b0b9e563f8b41a4a3c9e46fd6543, type: 3}
      propertyPath: m_Name
      value: fi_vil_woven01_07
      objectReference: {fileID: 0}
    - target: {fileID: 400000, guid: ed43b0b9e563f8b41a4a3c9e46fd6543, type: 3}
      propertyPath: m_LocalPosition.x
      value: 4.0737257
      objectReference: {fileID: 0}
    - target: {fileID: 400000, guid: ed43b0b9e563f8b41a4a3c9e46fd6543, type: 3}
      propertyPath: m_LocalPosition.y
      value: -0.030000001
      objectReference: {fileID: 0}
    - target: {fileID: 400000, guid: ed43b0b9e563f8b41a4a3c9e46fd6543, type: 3}
      propertyPath: m_LocalPosition.z
      value: 2.0477734
      objectReference: {fileID: 0}
    - target: {fileID: 400000, guid: ed43b0b9e563f8b41a4a3c9e46fd6543, type: 3}
      propertyPath: m_LocalRotation.x
      value: -0
      objectReference: {fileID: 0}
    - target: {fileID: 400000, guid: ed43b0b9e563f8b41a4a3c9e46fd6543, type: 3}
      propertyPath: m_LocalRotation.y
      value: -0.052839212
      objectReference: {fileID: 0}
    - target: {fileID: 400000, guid: ed43b0b9e563f8b41a4a3c9e46fd6543, type: 3}
      propertyPath: m_LocalRotation.z
      value: -0
      objectReference: {fileID: 0}
    - target: {fileID: 400000, guid: ed43b0b9e563f8b41a4a3c9e46fd6543, type: 3}
      propertyPath: m_LocalRotation.w
      value: 0.99860305
      objectReference: {fileID: 0}
    - target: {fileID: 400000, guid: ed43b0b9e563f8b41a4a3c9e46fd6543, type: 3}
      propertyPath: m_RootOrder
      value: 8
      objectReference: {fileID: 0}
    - target: {fileID: 400000, guid: ed43b0b9e563f8b41a4a3c9e46fd6543, type: 3}
      propertyPath: m_LocalEulerAnglesHint.x
      value: 0
      objectReference: {fileID: 0}
    - target: {fileID: 400000, guid: ed43b0b9e563f8b41a4a3c9e46fd6543, type: 3}
      propertyPath: m_LocalEulerAnglesHint.y
      value: -6.058
      objectReference: {fileID: 0}
    - target: {fileID: 400000, guid: ed43b0b9e563f8b41a4a3c9e46fd6543, type: 3}
      propertyPath: m_LocalEulerAnglesHint.z
      value: 0
      objectReference: {fileID: 0}
    m_RemovedComponents: []
  m_SourcePrefab: {fileID: 100100000, guid: ed43b0b9e563f8b41a4a3c9e46fd6543, type: 3}
--- !u!4 &3402526239635204447 stripped
Transform:
  m_CorrespondingSourceObject: {fileID: 400000, guid: ed43b0b9e563f8b41a4a3c9e46fd6543,
    type: 3}
  m_PrefabInstance: {fileID: 3402526239634813919}
  m_PrefabAsset: {fileID: 0}
--- !u!1001 &3665535660041721595
PrefabInstance:
  m_ObjectHideFlags: 0
  serializedVersion: 2
  m_Modification:
    m_TransformParent: {fileID: 1404458761781536973}
    m_Modifications:
    - target: {fileID: 100000, guid: 0c64ca4d34a30744493b0c9585bad689, type: 3}
      propertyPath: m_Name
      value: fi_vil_woven01_05
      objectReference: {fileID: 0}
    - target: {fileID: 400000, guid: 0c64ca4d34a30744493b0c9585bad689, type: 3}
      propertyPath: m_LocalPosition.x
      value: -3.075
      objectReference: {fileID: 0}
    - target: {fileID: 400000, guid: 0c64ca4d34a30744493b0c9585bad689, type: 3}
      propertyPath: m_LocalPosition.y
      value: -0.169
      objectReference: {fileID: 0}
    - target: {fileID: 400000, guid: 0c64ca4d34a30744493b0c9585bad689, type: 3}
      propertyPath: m_LocalPosition.z
      value: -3.091
      objectReference: {fileID: 0}
    - target: {fileID: 400000, guid: 0c64ca4d34a30744493b0c9585bad689, type: 3}
      propertyPath: m_LocalRotation.x
      value: -0
      objectReference: {fileID: 0}
    - target: {fileID: 400000, guid: 0c64ca4d34a30744493b0c9585bad689, type: 3}
      propertyPath: m_LocalRotation.y
      value: -0.70710576
      objectReference: {fileID: 0}
    - target: {fileID: 400000, guid: 0c64ca4d34a30744493b0c9585bad689, type: 3}
      propertyPath: m_LocalRotation.z
      value: -0
      objectReference: {fileID: 0}
    - target: {fileID: 400000, guid: 0c64ca4d34a30744493b0c9585bad689, type: 3}
      propertyPath: m_LocalRotation.w
      value: 0.70710784
      objectReference: {fileID: 0}
    - target: {fileID: 400000, guid: 0c64ca4d34a30744493b0c9585bad689, type: 3}
      propertyPath: m_RootOrder
      value: 9
      objectReference: {fileID: 0}
    - target: {fileID: 400000, guid: 0c64ca4d34a30744493b0c9585bad689, type: 3}
      propertyPath: m_LocalEulerAnglesHint.x
      value: 0
      objectReference: {fileID: 0}
    - target: {fileID: 400000, guid: 0c64ca4d34a30744493b0c9585bad689, type: 3}
      propertyPath: m_LocalEulerAnglesHint.y
      value: -90.00001
      objectReference: {fileID: 0}
    - target: {fileID: 400000, guid: 0c64ca4d34a30744493b0c9585bad689, type: 3}
      propertyPath: m_LocalEulerAnglesHint.z
      value: 0
      objectReference: {fileID: 0}
    m_RemovedComponents: []
  m_SourcePrefab: {fileID: 100100000, guid: 0c64ca4d34a30744493b0c9585bad689, type: 3}
--- !u!4 &3665535660042112123 stripped
Transform:
  m_CorrespondingSourceObject: {fileID: 400000, guid: 0c64ca4d34a30744493b0c9585bad689,
    type: 3}
  m_PrefabInstance: {fileID: 3665535660041721595}
  m_PrefabAsset: {fileID: 0}
--- !u!1001 &3825551083892939032
PrefabInstance:
  m_ObjectHideFlags: 0
  serializedVersion: 2
  m_Modification:
    m_TransformParent: {fileID: 1404458761781536973}
    m_Modifications:
    - target: {fileID: 100000, guid: df9dc56be5718d543a49ee5c1212b460, type: 3}
      propertyPath: m_Name
      value: fi_vil_woven01_01
      objectReference: {fileID: 0}
    - target: {fileID: 400000, guid: df9dc56be5718d543a49ee5c1212b460, type: 3}
      propertyPath: m_LocalPosition.x
      value: 3.947
      objectReference: {fileID: 0}
    - target: {fileID: 400000, guid: df9dc56be5718d543a49ee5c1212b460, type: 3}
      propertyPath: m_LocalPosition.y
      value: -0.08680877
      objectReference: {fileID: 0}
    - target: {fileID: 400000, guid: df9dc56be5718d543a49ee5c1212b460, type: 3}
      propertyPath: m_LocalPosition.z
      value: -1.9400623
      objectReference: {fileID: 0}
    - target: {fileID: 400000, guid: df9dc56be5718d543a49ee5c1212b460, type: 3}
      propertyPath: m_LocalRotation.x
      value: 0.000049254166
      objectReference: {fileID: 0}
    - target: {fileID: 400000, guid: df9dc56be5718d543a49ee5c1212b460, type: 3}
      propertyPath: m_LocalRotation.y
      value: -0.0011324224
      objectReference: {fileID: 0}
    - target: {fileID: 400000, guid: df9dc56be5718d543a49ee5c1212b460, type: 3}
      propertyPath: m_LocalRotation.z
      value: -0.040444687
      objectReference: {fileID: 0}
    - target: {fileID: 400000, guid: df9dc56be5718d543a49ee5c1212b460, type: 3}
      propertyPath: m_LocalRotation.w
      value: 0.99918115
      objectReference: {fileID: 0}
    - target: {fileID: 400000, guid: df9dc56be5718d543a49ee5c1212b460, type: 3}
      propertyPath: m_RootOrder
      value: 0
      objectReference: {fileID: 0}
    - target: {fileID: 400000, guid: df9dc56be5718d543a49ee5c1212b460, type: 3}
      propertyPath: m_LocalEulerAnglesHint.x
      value: 0
      objectReference: {fileID: 0}
    - target: {fileID: 400000, guid: df9dc56be5718d543a49ee5c1212b460, type: 3}
      propertyPath: m_LocalEulerAnglesHint.y
      value: -0.13000001
      objectReference: {fileID: 0}
    - target: {fileID: 400000, guid: df9dc56be5718d543a49ee5c1212b460, type: 3}
      propertyPath: m_LocalEulerAnglesHint.z
      value: -4.636
      objectReference: {fileID: 0}
    m_RemovedComponents: []
  m_SourcePrefab: {fileID: 100100000, guid: df9dc56be5718d543a49ee5c1212b460, type: 3}
--- !u!4 &3825551083892802456 stripped
Transform:
  m_CorrespondingSourceObject: {fileID: 400000, guid: df9dc56be5718d543a49ee5c1212b460,
    type: 3}
  m_PrefabInstance: {fileID: 3825551083892939032}
  m_PrefabAsset: {fileID: 0}
--- !u!1001 &3864534840079337702
PrefabInstance:
  m_ObjectHideFlags: 0
  serializedVersion: 2
  m_Modification:
    m_TransformParent: {fileID: 1404458761781536973}
    m_Modifications:
    - target: {fileID: 100000, guid: 73b54439efa5aba458d68603a329f9f2, type: 3}
      propertyPath: m_Name
      value: fi_vil_woven01_11
      objectReference: {fileID: 0}
    - target: {fileID: 400000, guid: 73b54439efa5aba458d68603a329f9f2, type: 3}
      propertyPath: m_LocalPosition.x
      value: -4.131
      objectReference: {fileID: 0}
    - target: {fileID: 400000, guid: 73b54439efa5aba458d68603a329f9f2, type: 3}
      propertyPath: m_LocalPosition.y
      value: 0
      objectReference: {fileID: 0}
    - target: {fileID: 400000, guid: 73b54439efa5aba458d68603a329f9f2, type: 3}
      propertyPath: m_LocalPosition.z
      value: 1.933
      objectReference: {fileID: 0}
    - target: {fileID: 400000, guid: 73b54439efa5aba458d68603a329f9f2, type: 3}
      propertyPath: m_LocalRotation.x
      value: -0
      objectReference: {fileID: 0}
    - target: {fileID: 400000, guid: 73b54439efa5aba458d68603a329f9f2, type: 3}
      propertyPath: m_LocalRotation.y
      value: -0
      objectReference: {fileID: 0}
    - target: {fileID: 400000, guid: 73b54439efa5aba458d68603a329f9f2, type: 3}
      propertyPath: m_LocalRotation.z
      value: -0
      objectReference: {fileID: 0}
    - target: {fileID: 400000, guid: 73b54439efa5aba458d68603a329f9f2, type: 3}
      propertyPath: m_LocalRotation.w
      value: 1
      objectReference: {fileID: 0}
    - target: {fileID: 400000, guid: 73b54439efa5aba458d68603a329f9f2, type: 3}
      propertyPath: m_RootOrder
      value: 2
      objectReference: {fileID: 0}
    - target: {fileID: 400000, guid: 73b54439efa5aba458d68603a329f9f2, type: 3}
      propertyPath: m_LocalEulerAnglesHint.x
      value: 0
      objectReference: {fileID: 0}
    - target: {fileID: 400000, guid: 73b54439efa5aba458d68603a329f9f2, type: 3}
      propertyPath: m_LocalEulerAnglesHint.y
      value: 0
      objectReference: {fileID: 0}
    - target: {fileID: 400000, guid: 73b54439efa5aba458d68603a329f9f2, type: 3}
      propertyPath: m_LocalEulerAnglesHint.z
      value: 0
      objectReference: {fileID: 0}
    m_RemovedComponents: []
  m_SourcePrefab: {fileID: 100100000, guid: 73b54439efa5aba458d68603a329f9f2, type: 3}
--- !u!4 &3864534840079209062 stripped
Transform:
  m_CorrespondingSourceObject: {fileID: 400000, guid: 73b54439efa5aba458d68603a329f9f2,
    type: 3}
  m_PrefabInstance: {fileID: 3864534840079337702}
  m_PrefabAsset: {fileID: 0}
--- !u!1001 &4189365663333024785
PrefabInstance:
  m_ObjectHideFlags: 0
  serializedVersion: 2
  m_Modification:
    m_TransformParent: {fileID: 1404458761781536973}
    m_Modifications:
    - target: {fileID: 100000, guid: b632c0fc9ae96dc419ffc0503f0109ca, type: 3}
      propertyPath: m_Name
      value: fi_vil_woven01_03
      objectReference: {fileID: 0}
    - target: {fileID: 400000, guid: b632c0fc9ae96dc419ffc0503f0109ca, type: 3}
      propertyPath: m_LocalPosition.x
      value: -3.199
      objectReference: {fileID: 0}
    - target: {fileID: 400000, guid: b632c0fc9ae96dc419ffc0503f0109ca, type: 3}
      propertyPath: m_LocalPosition.y
      value: 0
      objectReference: {fileID: 0}
    - target: {fileID: 400000, guid: b632c0fc9ae96dc419ffc0503f0109ca, type: 3}
      propertyPath: m_LocalPosition.z
      value: 3.093
      objectReference: {fileID: 0}
    - target: {fileID: 400000, guid: b632c0fc9ae96dc419ffc0503f0109ca, type: 3}
      propertyPath: m_LocalRotation.x
      value: -0
      objectReference: {fileID: 0}
    - target: {fileID: 400000, guid: b632c0fc9ae96dc419ffc0503f0109ca, type: 3}
      propertyPath: m_LocalRotation.y
      value: -0.70710576
      objectReference: {fileID: 0}
    - target: {fileID: 400000, guid: b632c0fc9ae96dc419ffc0503f0109ca, type: 3}
      propertyPath: m_LocalRotation.z
      value: -0
      objectReference: {fileID: 0}
    - target: {fileID: 400000, guid: b632c0fc9ae96dc419ffc0503f0109ca, type: 3}
      propertyPath: m_LocalRotation.w
      value: 0.70710784
      objectReference: {fileID: 0}
    - target: {fileID: 400000, guid: b632c0fc9ae96dc419ffc0503f0109ca, type: 3}
      propertyPath: m_RootOrder
      value: 6
      objectReference: {fileID: 0}
    - target: {fileID: 400000, guid: b632c0fc9ae96dc419ffc0503f0109ca, type: 3}
      propertyPath: m_LocalEulerAnglesHint.x
      value: 0
      objectReference: {fileID: 0}
    - target: {fileID: 400000, guid: b632c0fc9ae96dc419ffc0503f0109ca, type: 3}
      propertyPath: m_LocalEulerAnglesHint.y
      value: -90.00001
      objectReference: {fileID: 0}
    - target: {fileID: 400000, guid: b632c0fc9ae96dc419ffc0503f0109ca, type: 3}
      propertyPath: m_LocalEulerAnglesHint.z
      value: 0
      objectReference: {fileID: 0}
    m_RemovedComponents: []
  m_SourcePrefab: {fileID: 100100000, guid: b632c0fc9ae96dc419ffc0503f0109ca, type: 3}
--- !u!4 &4189365663332638353 stripped
Transform:
  m_CorrespondingSourceObject: {fileID: 400000, guid: b632c0fc9ae96dc419ffc0503f0109ca,
    type: 3}
  m_PrefabInstance: {fileID: 4189365663333024785}
  m_PrefabAsset: {fileID: 0}
--- !u!1001 &4607805215929298318
PrefabInstance:
  m_ObjectHideFlags: 0
  serializedVersion: 2
  m_Modification:
    m_TransformParent: {fileID: 1404458761781536973}
    m_Modifications:
    - target: {fileID: 100000, guid: b632c0fc9ae96dc419ffc0503f0109ca, type: 3}
      propertyPath: m_Name
      value: fi_vil_woven01_03
      objectReference: {fileID: 0}
    - target: {fileID: 400000, guid: b632c0fc9ae96dc419ffc0503f0109ca, type: 3}
      propertyPath: m_LocalPosition.x
      value: 0.79700017
      objectReference: {fileID: 0}
    - target: {fileID: 400000, guid: b632c0fc9ae96dc419ffc0503f0109ca, type: 3}
      propertyPath: m_LocalPosition.y
      value: -0.053
      objectReference: {fileID: 0}
    - target: {fileID: 400000, guid: b632c0fc9ae96dc419ffc0503f0109ca, type: 3}
      propertyPath: m_LocalPosition.z
      value: 3.093
      objectReference: {fileID: 0}
    - target: {fileID: 400000, guid: b632c0fc9ae96dc419ffc0503f0109ca, type: 3}
      propertyPath: m_LocalRotation.x
      value: -0.023051852
      objectReference: {fileID: 0}
    - target: {fileID: 400000, guid: b632c0fc9ae96dc419ffc0503f0109ca, type: 3}
      propertyPath: m_LocalRotation.y
      value: -0.7067299
      objectReference: {fileID: 0}
    - target: {fileID: 400000, guid: b632c0fc9ae96dc419ffc0503f0109ca, type: 3}
      propertyPath: m_LocalRotation.z
      value: -0.023051918
      objectReference: {fileID: 0}
    - target: {fileID: 400000, guid: b632c0fc9ae96dc419ffc0503f0109ca, type: 3}
      propertyPath: m_LocalRotation.w
      value: 0.706732
      objectReference: {fileID: 0}
    - target: {fileID: 400000, guid: b632c0fc9ae96dc419ffc0503f0109ca, type: 3}
      propertyPath: m_RootOrder
      value: 11
      objectReference: {fileID: 0}
    - target: {fileID: 400000, guid: b632c0fc9ae96dc419ffc0503f0109ca, type: 3}
      propertyPath: m_LocalEulerAnglesHint.x
      value: -3.736
      objectReference: {fileID: 0}
    - target: {fileID: 400000, guid: b632c0fc9ae96dc419ffc0503f0109ca, type: 3}
      propertyPath: m_LocalEulerAnglesHint.y
      value: -90.00001
      objectReference: {fileID: 0}
    - target: {fileID: 400000, guid: b632c0fc9ae96dc419ffc0503f0109ca, type: 3}
      propertyPath: m_LocalEulerAnglesHint.z
      value: 0
      objectReference: {fileID: 0}
    m_RemovedComponents: []
  m_SourcePrefab: {fileID: 100100000, guid: b632c0fc9ae96dc419ffc0503f0109ca, type: 3}
--- !u!4 &4607805215929693966 stripped
Transform:
  m_CorrespondingSourceObject: {fileID: 400000, guid: b632c0fc9ae96dc419ffc0503f0109ca,
    type: 3}
  m_PrefabInstance: {fileID: 4607805215929298318}
  m_PrefabAsset: {fileID: 0}
--- !u!1001 &5115294383233607969
PrefabInstance:
  m_ObjectHideFlags: 0
  serializedVersion: 2
  m_Modification:
    m_TransformParent: {fileID: 1404458761781536973}
    m_Modifications:
    - target: {fileID: 100000, guid: ed43b0b9e563f8b41a4a3c9e46fd6543, type: 3}
      propertyPath: m_Name
      value: fi_vil_woven01_07
      objectReference: {fileID: 0}
    - target: {fileID: 400000, guid: ed43b0b9e563f8b41a4a3c9e46fd6543, type: 3}
      propertyPath: m_LocalPosition.x
      value: -4.131
      objectReference: {fileID: 0}
    - target: {fileID: 400000, guid: ed43b0b9e563f8b41a4a3c9e46fd6543, type: 3}
      propertyPath: m_LocalPosition.y
      value: -0.03
      objectReference: {fileID: 0}
    - target: {fileID: 400000, guid: ed43b0b9e563f8b41a4a3c9e46fd6543, type: 3}
      propertyPath: m_LocalPosition.z
      value: -0.048000097
      objectReference: {fileID: 0}
    - target: {fileID: 400000, guid: ed43b0b9e563f8b41a4a3c9e46fd6543, type: 3}
      propertyPath: m_LocalRotation.x
      value: -0
      objectReference: {fileID: 0}
    - target: {fileID: 400000, guid: ed43b0b9e563f8b41a4a3c9e46fd6543, type: 3}
      propertyPath: m_LocalRotation.y
      value: -0
      objectReference: {fileID: 0}
    - target: {fileID: 400000, guid: ed43b0b9e563f8b41a4a3c9e46fd6543, type: 3}
      propertyPath: m_LocalRotation.z
      value: -0
      objectReference: {fileID: 0}
    - target: {fileID: 400000, guid: ed43b0b9e563f8b41a4a3c9e46fd6543, type: 3}
      propertyPath: m_LocalRotation.w
      value: 1
      objectReference: {fileID: 0}
    - target: {fileID: 400000, guid: ed43b0b9e563f8b41a4a3c9e46fd6543, type: 3}
      propertyPath: m_RootOrder
      value: 3
      objectReference: {fileID: 0}
    - target: {fileID: 400000, guid: ed43b0b9e563f8b41a4a3c9e46fd6543, type: 3}
      propertyPath: m_LocalEulerAnglesHint.x
      value: 0
      objectReference: {fileID: 0}
    - target: {fileID: 400000, guid: ed43b0b9e563f8b41a4a3c9e46fd6543, type: 3}
      propertyPath: m_LocalEulerAnglesHint.y
      value: 0
      objectReference: {fileID: 0}
    - target: {fileID: 400000, guid: ed43b0b9e563f8b41a4a3c9e46fd6543, type: 3}
      propertyPath: m_LocalEulerAnglesHint.z
      value: 0
      objectReference: {fileID: 0}
    m_RemovedComponents: []
  m_SourcePrefab: {fileID: 100100000, guid: ed43b0b9e563f8b41a4a3c9e46fd6543, type: 3}
--- !u!4 &5115294383234003873 stripped
Transform:
  m_CorrespondingSourceObject: {fileID: 400000, guid: ed43b0b9e563f8b41a4a3c9e46fd6543,
    type: 3}
  m_PrefabInstance: {fileID: 5115294383233607969}
  m_PrefabAsset: {fileID: 0}
--- !u!1001 &5487560703971521113
PrefabInstance:
  m_ObjectHideFlags: 0
  serializedVersion: 2
  m_Modification:
    m_TransformParent: {fileID: 1404458761781536973}
    m_Modifications:
    - target: {fileID: 100000, guid: 73b54439efa5aba458d68603a329f9f2, type: 3}
      propertyPath: m_Name
      value: fi_vil_woven01_11
      objectReference: {fileID: 0}
    - target: {fileID: 400000, guid: 73b54439efa5aba458d68603a329f9f2, type: 3}
      propertyPath: m_LocalPosition.x
      value: -4.131
      objectReference: {fileID: 0}
    - target: {fileID: 400000, guid: 73b54439efa5aba458d68603a329f9f2, type: 3}
      propertyPath: m_LocalPosition.y
      value: 0
      objectReference: {fileID: 0}
    - target: {fileID: 400000, guid: 73b54439efa5aba458d68603a329f9f2, type: 3}
      propertyPath: m_LocalPosition.z
      value: -2.102
      objectReference: {fileID: 0}
    - target: {fileID: 400000, guid: 73b54439efa5aba458d68603a329f9f2, type: 3}
      propertyPath: m_LocalRotation.x
      value: 0.003585167
      objectReference: {fileID: 0}
    - target: {fileID: 400000, guid: 73b54439efa5aba458d68603a329f9f2, type: 3}
      propertyPath: m_LocalRotation.y
      value: -0.03277948
      objectReference: {fileID: 0}
    - target: {fileID: 400000, guid: 73b54439efa5aba458d68603a329f9f2, type: 3}
      propertyPath: m_LocalRotation.z
      value: 0.023544524
      objectReference: {fileID: 0}
    - target: {fileID: 400000, guid: 73b54439efa5aba458d68603a329f9f2, type: 3}
      propertyPath: m_LocalRotation.w
      value: 0.9991788
      objectReference: {fileID: 0}
    - target: {fileID: 400000, guid: 73b54439efa5aba458d68603a329f9f2, type: 3}
      propertyPath: m_RootOrder
      value: 10
      objectReference: {fileID: 0}
    - target: {fileID: 400000, guid: 73b54439efa5aba458d68603a329f9f2, type: 3}
      propertyPath: m_LocalEulerAnglesHint.x
      value: 0.499
      objectReference: {fileID: 0}
    - target: {fileID: 400000, guid: 73b54439efa5aba458d68603a329f9f2, type: 3}
      propertyPath: m_LocalEulerAnglesHint.y
      value: -3.7460003
      objectReference: {fileID: 0}
    - target: {fileID: 400000, guid: 73b54439efa5aba458d68603a329f9f2, type: 3}
      propertyPath: m_LocalEulerAnglesHint.z
      value: 2.683
      objectReference: {fileID: 0}
    m_RemovedComponents: []
  m_SourcePrefab: {fileID: 100100000, guid: 73b54439efa5aba458d68603a329f9f2, type: 3}
--- !u!4 &5487560703971387609 stripped
Transform:
  m_CorrespondingSourceObject: {fileID: 400000, guid: 73b54439efa5aba458d68603a329f9f2,
    type: 3}
  m_PrefabInstance: {fileID: 5487560703971521113}
  m_PrefabAsset: {fileID: 0}
--- !u!1001 &5506186403285667088
PrefabInstance:
  m_ObjectHideFlags: 0
  serializedVersion: 2
  m_Modification:
    m_TransformParent: {fileID: 7407208624795428655}
    m_Modifications:
    - target: {fileID: 100000, guid: 7656141e51f967d4a85c50748fd2fadf, type: 3}
      propertyPath: m_Name
      value: fi_vil_farm_trough01_1m
      objectReference: {fileID: 0}
    - target: {fileID: 400000, guid: 7656141e51f967d4a85c50748fd2fadf, type: 3}
      propertyPath: m_LocalPosition.x
      value: 3.704
      objectReference: {fileID: 0}
    - target: {fileID: 400000, guid: 7656141e51f967d4a85c50748fd2fadf, type: 3}
      propertyPath: m_LocalPosition.y
      value: 0
      objectReference: {fileID: 0}
    - target: {fileID: 400000, guid: 7656141e51f967d4a85c50748fd2fadf, type: 3}
      propertyPath: m_LocalPosition.z
      value: -0.4989998
      objectReference: {fileID: 0}
    - target: {fileID: 400000, guid: 7656141e51f967d4a85c50748fd2fadf, type: 3}
      propertyPath: m_LocalRotation.x
      value: -0
      objectReference: {fileID: 0}
    - target: {fileID: 400000, guid: 7656141e51f967d4a85c50748fd2fadf, type: 3}
      propertyPath: m_LocalRotation.y
      value: -0.9990771
      objectReference: {fileID: 0}
    - target: {fileID: 400000, guid: 7656141e51f967d4a85c50748fd2fadf, type: 3}
      propertyPath: m_LocalRotation.z
      value: -0
      objectReference: {fileID: 0}
    - target: {fileID: 400000, guid: 7656141e51f967d4a85c50748fd2fadf, type: 3}
      propertyPath: m_LocalRotation.w
      value: 0.042954188
      objectReference: {fileID: 0}
    - target: {fileID: 400000, guid: 7656141e51f967d4a85c50748fd2fadf, type: 3}
      propertyPath: m_RootOrder
      value: 1
      objectReference: {fileID: 0}
    - target: {fileID: 400000, guid: 7656141e51f967d4a85c50748fd2fadf, type: 3}
      propertyPath: m_LocalEulerAnglesHint.x
      value: 0
      objectReference: {fileID: 0}
    - target: {fileID: 400000, guid: 7656141e51f967d4a85c50748fd2fadf, type: 3}
      propertyPath: m_LocalEulerAnglesHint.y
      value: -175.076
      objectReference: {fileID: 0}
    - target: {fileID: 400000, guid: 7656141e51f967d4a85c50748fd2fadf, type: 3}
      propertyPath: m_LocalEulerAnglesHint.z
      value: 0
      objectReference: {fileID: 0}
    m_RemovedComponents: []
  m_SourcePrefab: {fileID: 100100000, guid: 7656141e51f967d4a85c50748fd2fadf, type: 3}
--- !u!4 &5506186403285538704 stripped
Transform:
  m_CorrespondingSourceObject: {fileID: 400000, guid: 7656141e51f967d4a85c50748fd2fadf,
    type: 3}
  m_PrefabInstance: {fileID: 5506186403285667088}
  m_PrefabAsset: {fileID: 0}
--- !u!1001 &6293702068876151330
PrefabInstance:
  m_ObjectHideFlags: 0
  serializedVersion: 2
  m_Modification:
    m_TransformParent: {fileID: 1404458761781536973}
    m_Modifications:
    - target: {fileID: 100000, guid: 0c64ca4d34a30744493b0c9585bad689, type: 3}
      propertyPath: m_Name
      value: fi_vil_woven01_05
      objectReference: {fileID: 0}
    - target: {fileID: 400000, guid: 0c64ca4d34a30744493b0c9585bad689, type: 3}
      propertyPath: m_LocalPosition.x
      value: 4.073
      objectReference: {fileID: 0}
    - target: {fileID: 400000, guid: 0c64ca4d34a30744493b0c9585bad689, type: 3}
      propertyPath: m_LocalPosition.y
      value: 0
      objectReference: {fileID: 0}
    - target: {fileID: 400000, guid: 0c64ca4d34a30744493b0c9585bad689, type: 3}
      propertyPath: m_LocalPosition.z
      value: 0.0769999
      objectReference: {fileID: 0}
    - target: {fileID: 400000, guid: 0c64ca4d34a30744493b0c9585bad689, type: 3}
      propertyPath: m_LocalRotation.x
      value: -0.0015651078
      objectReference: {fileID: 0}
    - target: {fileID: 400000, guid: 0c64ca4d34a30744493b0c9585bad689, type: 3}
      propertyPath: m_LocalRotation.y
      value: 0.04336392
      objectReference: {fileID: 0}
    - target: {fileID: 400000, guid: 0c64ca4d34a30744493b0c9585bad689, type: 3}
      propertyPath: m_LocalRotation.z
      value: -0.03577823
      objectReference: {fileID: 0}
    - target: {fileID: 400000, guid: 0c64ca4d34a30744493b0c9585bad689, type: 3}
      propertyPath: m_LocalRotation.w
      value: 0.99841726
      objectReference: {fileID: 0}
    - target: {fileID: 400000, guid: 0c64ca4d34a30744493b0c9585bad689, type: 3}
      propertyPath: m_RootOrder
      value: 1
      objectReference: {fileID: 0}
    - target: {fileID: 400000, guid: 0c64ca4d34a30744493b0c9585bad689, type: 3}
      propertyPath: m_LocalEulerAnglesHint.x
      value: -0.001
      objectReference: {fileID: 0}
    - target: {fileID: 400000, guid: 0c64ca4d34a30744493b0c9585bad689, type: 3}
      propertyPath: m_LocalEulerAnglesHint.y
      value: 4.9740005
      objectReference: {fileID: 0}
    - target: {fileID: 400000, guid: 0c64ca4d34a30744493b0c9585bad689, type: 3}
      propertyPath: m_LocalEulerAnglesHint.z
      value: -4.105
      objectReference: {fileID: 0}
    m_RemovedComponents: []
  m_SourcePrefab: {fileID: 100100000, guid: 0c64ca4d34a30744493b0c9585bad689, type: 3}
--- !u!4 &6293702068876546210 stripped
Transform:
  m_CorrespondingSourceObject: {fileID: 400000, guid: 0c64ca4d34a30744493b0c9585bad689,
    type: 3}
  m_PrefabInstance: {fileID: 6293702068876151330}
  m_PrefabAsset: {fileID: 0}
--- !u!1001 &7854000564264620317
PrefabInstance:
  m_ObjectHideFlags: 0
  serializedVersion: 2
  m_Modification:
    m_TransformParent: {fileID: 1404458761781536973}
    m_Modifications:
    - target: {fileID: 100000, guid: 0c64ca4d34a30744493b0c9585bad689, type: 3}
      propertyPath: m_Name
      value: fi_vil_woven01_05
      objectReference: {fileID: 0}
    - target: {fileID: 400000, guid: 0c64ca4d34a30744493b0c9585bad689, type: 3}
      propertyPath: m_LocalPosition.x
      value: -1.203
      objectReference: {fileID: 0}
    - target: {fileID: 400000, guid: 0c64ca4d34a30744493b0c9585bad689, type: 3}
      propertyPath: m_LocalPosition.y
      value: -0.135
      objectReference: {fileID: 0}
    - target: {fileID: 400000, guid: 0c64ca4d34a30744493b0c9585bad689, type: 3}
      propertyPath: m_LocalPosition.z
      value: 3.093
      objectReference: {fileID: 0}
    - target: {fileID: 400000, guid: 0c64ca4d34a30744493b0c9585bad689, type: 3}
      propertyPath: m_LocalRotation.x
      value: -0
      objectReference: {fileID: 0}
    - target: {fileID: 400000, guid: 0c64ca4d34a30744493b0c9585bad689, type: 3}
      propertyPath: m_LocalRotation.y
      value: -0.70710576
      objectReference: {fileID: 0}
    - target: {fileID: 400000, guid: 0c64ca4d34a30744493b0c9585bad689, type: 3}
      propertyPath: m_LocalRotation.z
      value: -0
      objectReference: {fileID: 0}
    - target: {fileID: 400000, guid: 0c64ca4d34a30744493b0c9585bad689, type: 3}
      propertyPath: m_LocalRotation.w
      value: 0.70710784
      objectReference: {fileID: 0}
    - target: {fileID: 400000, guid: 0c64ca4d34a30744493b0c9585bad689, type: 3}
      propertyPath: m_RootOrder
      value: 7
      objectReference: {fileID: 0}
    - target: {fileID: 400000, guid: 0c64ca4d34a30744493b0c9585bad689, type: 3}
      propertyPath: m_LocalEulerAnglesHint.x
      value: 0
      objectReference: {fileID: 0}
    - target: {fileID: 400000, guid: 0c64ca4d34a30744493b0c9585bad689, type: 3}
      propertyPath: m_LocalEulerAnglesHint.y
      value: -90.00001
      objectReference: {fileID: 0}
    - target: {fileID: 400000, guid: 0c64ca4d34a30744493b0c9585bad689, type: 3}
      propertyPath: m_LocalEulerAnglesHint.z
      value: 0
      objectReference: {fileID: 0}
    m_RemovedComponents: []
  m_SourcePrefab: {fileID: 100100000, guid: 0c64ca4d34a30744493b0c9585bad689, type: 3}
--- !u!4 &7854000564264487837 stripped
Transform:
  m_CorrespondingSourceObject: {fileID: 400000, guid: 0c64ca4d34a30744493b0c9585bad689,
    type: 3}
  m_PrefabInstance: {fileID: 7854000564264620317}
  m_PrefabAsset: {fileID: 0}
--- !u!1001 &8388328922199569029
PrefabInstance:
  m_ObjectHideFlags: 0
  serializedVersion: 2
  m_Modification:
    m_TransformParent: {fileID: 7407208624795428655}
    m_Modifications:
    - target: {fileID: 100000, guid: 9ac8cea5cf41425429a7de85139992ca, type: 3}
      propertyPath: m_Name
      value: fi_vil_farm_trough02_1m
      objectReference: {fileID: 0}
    - target: {fileID: 400000, guid: 9ac8cea5cf41425429a7de85139992ca, type: 3}
      propertyPath: m_LocalPosition.x
      value: 3.098
      objectReference: {fileID: 0}
    - target: {fileID: 400000, guid: 9ac8cea5cf41425429a7de85139992ca, type: 3}
      propertyPath: m_LocalPosition.y
      value: 0
      objectReference: {fileID: 0}
    - target: {fileID: 400000, guid: 9ac8cea5cf41425429a7de85139992ca, type: 3}
      propertyPath: m_LocalPosition.z
      value: -2.674
      objectReference: {fileID: 0}
    - target: {fileID: 400000, guid: 9ac8cea5cf41425429a7de85139992ca, type: 3}
      propertyPath: m_LocalRotation.x
      value: -0
      objectReference: {fileID: 0}
    - target: {fileID: 400000, guid: 9ac8cea5cf41425429a7de85139992ca, type: 3}
      propertyPath: m_LocalRotation.y
      value: 0.71257424
      objectReference: {fileID: 0}
    - target: {fileID: 400000, guid: 9ac8cea5cf41425429a7de85139992ca, type: 3}
      propertyPath: m_LocalRotation.z
      value: -0
      objectReference: {fileID: 0}
    - target: {fileID: 400000, guid: 9ac8cea5cf41425429a7de85139992ca, type: 3}
      propertyPath: m_LocalRotation.w
      value: 0.70159674
      objectReference: {fileID: 0}
    - target: {fileID: 400000, guid: 9ac8cea5cf41425429a7de85139992ca, type: 3}
      propertyPath: m_RootOrder
      value: 0
      objectReference: {fileID: 0}
    - target: {fileID: 400000, guid: 9ac8cea5cf41425429a7de85139992ca, type: 3}
      propertyPath: m_LocalEulerAnglesHint.x
      value: 0
      objectReference: {fileID: 0}
    - target: {fileID: 400000, guid: 9ac8cea5cf41425429a7de85139992ca, type: 3}
      propertyPath: m_LocalEulerAnglesHint.y
      value: 90.89001
      objectReference: {fileID: 0}
    - target: {fileID: 400000, guid: 9ac8cea5cf41425429a7de85139992ca, type: 3}
      propertyPath: m_LocalEulerAnglesHint.z
      value: 0
      objectReference: {fileID: 0}
    m_RemovedComponents: []
  m_SourcePrefab: {fileID: 100100000, guid: 9ac8cea5cf41425429a7de85139992ca, type: 3}
--- !u!4 &8388328922199173125 stripped
Transform:
  m_CorrespondingSourceObject: {fileID: 400000, guid: 9ac8cea5cf41425429a7de85139992ca,
    type: 3}
  m_PrefabInstance: {fileID: 8388328922199569029}
  m_PrefabAsset: {fileID: 0}
--- !u!1001 &8584516185867495276
PrefabInstance:
  m_ObjectHideFlags: 0
  serializedVersion: 2
  m_Modification:
    m_TransformParent: {fileID: 1404458761781536973}
    m_Modifications:
    - target: {fileID: 100000, guid: b632c0fc9ae96dc419ffc0503f0109ca, type: 3}
      propertyPath: m_Name
      value: fi_vil_woven01_03
      objectReference: {fileID: 0}
    - target: {fileID: 400000, guid: b632c0fc9ae96dc419ffc0503f0109ca, type: 3}
      propertyPath: m_LocalPosition.x
      value: 2.841
      objectReference: {fileID: 0}
    - target: {fileID: 400000, guid: b632c0fc9ae96dc419ffc0503f0109ca, type: 3}
      propertyPath: m_LocalPosition.y
      value: -0.053
      objectReference: {fileID: 0}
    - target: {fileID: 400000, guid: b632c0fc9ae96dc419ffc0503f0109ca, type: 3}
      propertyPath: m_LocalPosition.z
      value: 3.093
      objectReference: {fileID: 0}
    - target: {fileID: 400000, guid: b632c0fc9ae96dc419ffc0503f0109ca, type: 3}
      propertyPath: m_LocalRotation.x
      value: -0.023051852
      objectReference: {fileID: 0}
    - target: {fileID: 400000, guid: b632c0fc9ae96dc419ffc0503f0109ca, type: 3}
      propertyPath: m_LocalRotation.y
      value: -0.7067299
      objectReference: {fileID: 0}
    - target: {fileID: 400000, guid: b632c0fc9ae96dc419ffc0503f0109ca, type: 3}
      propertyPath: m_LocalRotation.z
      value: -0.023051918
      objectReference: {fileID: 0}
    - target: {fileID: 400000, guid: b632c0fc9ae96dc419ffc0503f0109ca, type: 3}
      propertyPath: m_LocalRotation.w
      value: 0.706732
      objectReference: {fileID: 0}
    - target: {fileID: 400000, guid: b632c0fc9ae96dc419ffc0503f0109ca, type: 3}
      propertyPath: m_RootOrder
      value: 12
      objectReference: {fileID: 0}
    - target: {fileID: 400000, guid: b632c0fc9ae96dc419ffc0503f0109ca, type: 3}
      propertyPath: m_LocalEulerAnglesHint.x
      value: -3.736
      objectReference: {fileID: 0}
    - target: {fileID: 400000, guid: b632c0fc9ae96dc419ffc0503f0109ca, type: 3}
      propertyPath: m_LocalEulerAnglesHint.y
      value: -90.00001
      objectReference: {fileID: 0}
    - target: {fileID: 400000, guid: b632c0fc9ae96dc419ffc0503f0109ca, type: 3}
      propertyPath: m_LocalEulerAnglesHint.z
      value: 0
      objectReference: {fileID: 0}
    m_RemovedComponents: []
  m_SourcePrefab: {fileID: 100100000, guid: b632c0fc9ae96dc419ffc0503f0109ca, type: 3}
--- !u!4 &8584516185867894252 stripped
Transform:
  m_CorrespondingSourceObject: {fileID: 400000, guid: b632c0fc9ae96dc419ffc0503f0109ca,
    type: 3}
  m_PrefabInstance: {fileID: 8584516185867495276}
  m_PrefabAsset: {fileID: 0}
