%YAML 1.1
%TAG !u! tag:unity3d.com,2011:
--- !u!1 &685513411526318460
GameObject:
  m_ObjectHideFlags: 0
  m_CorrespondingSourceObject: {fileID: 0}
  m_PrefabInstance: {fileID: 0}
  m_PrefabAsset: {fileID: 0}
  serializedVersion: 6
  m_Component:
  - component: {fileID: 7064475903770973240}
  m_Layer: 0
  m_Name: Props
  m_TagString: Untagged
  m_Icon: {fileID: 0}
  m_NavMeshLayer: 0
  m_StaticEditorFlags: 0
  m_IsActive: 1
--- !u!4 &7064475903770973240
Transform:
  m_ObjectHideFlags: 0
  m_CorrespondingSourceObject: {fileID: 0}
  m_PrefabInstance: {fileID: 0}
  m_PrefabAsset: {fileID: 0}
  m_GameObject: {fileID: 685513411526318460}
  m_LocalRotation: {x: -0, y: -0, z: -0, w: 1}
  m_LocalPosition: {x: 0, y: 0, z: 0}
  m_LocalScale: {x: 1, y: 1, z: 1}
  m_Children:
  - {fileID: 616769034015168176}
  - {fileID: 3038595603222967284}
  - {fileID: 7778544559731484937}
  - {fileID: 8691811384020862782}
  - {fileID: 8305496223060564818}
  - {fileID: 9142745205029980798}
  - {fileID: 3674825639746621551}
  - {fileID: 8574791227220219313}
  - {fileID: 8069594507043473873}
  - {fileID: 1228797832563730889}
  - {fileID: 5684107330300197312}
  - {fileID: 3621500062809285156}
  - {fileID: 4862340981347471791}
  - {fileID: 8742801169866115044}
  - {fileID: 2368013307527017085}
  - {fileID: 5647323348502879947}
  m_Father: {fileID: 3149116728221166818}
  m_RootOrder: 0
  m_LocalEulerAnglesHint: {x: 0, y: 0, z: 0}
--- !u!1 &3809774256239395004
GameObject:
  m_ObjectHideFlags: 0
  m_CorrespondingSourceObject: {fileID: 0}
  m_PrefabInstance: {fileID: 0}
  m_PrefabAsset: {fileID: 0}
  serializedVersion: 6
  m_Component:
  - component: {fileID: 3149116728221166818}
  m_Layer: 0
  m_Name: WStorage03
  m_TagString: Untagged
  m_Icon: {fileID: 0}
  m_NavMeshLayer: 0
  m_StaticEditorFlags: 0
  m_IsActive: 1
--- !u!4 &3149116728221166818
Transform:
  m_ObjectHideFlags: 0
  m_CorrespondingSourceObject: {fileID: 0}
  m_PrefabInstance: {fileID: 0}
  m_PrefabAsset: {fileID: 0}
  m_GameObject: {fileID: 3809774256239395004}
  m_LocalRotation: {x: 0, y: 0, z: 0, w: 1}
  m_LocalPosition: {x: 0, y: 0, z: 0}
  m_LocalScale: {x: 1, y: 1, z: 1}
  m_Children:
  - {fileID: 7064475903770973240}
  - {fileID: 2118152620920583333}
  - {fileID: 63699657431798465}
  - {fileID: 8262054430743377854}
  - {fileID: 3479098479740457222}
  - {fileID: 1881970962224970494}
  - {fileID: 3977548915624140637}
  - {fileID: 2166046031046161542}
  m_Father: {fileID: 0}
  m_RootOrder: 0
  m_LocalEulerAnglesHint: {x: 0, y: 0, z: 0}
--- !u!1001 &63699657432188993
PrefabInstance:
  m_ObjectHideFlags: 0
  serializedVersion: 2
  m_Modification:
    m_TransformParent: {fileID: 3149116728221166818}
    m_Modifications:
    - target: {fileID: 100000, guid: c750c99a2fdd5204aad4b4567e8f8d2c, type: 3}
      propertyPath: m_Name
      value: fi_vil_deck_1,0mX2,0m_worn
      objectReference: {fileID: 0}
    - target: {fileID: 400000, guid: c750c99a2fdd5204aad4b4567e8f8d2c, type: 3}
      propertyPath: m_LocalPosition.x
      value: 0.67
      objectReference: {fileID: 0}
    - target: {fileID: 400000, guid: c750c99a2fdd5204aad4b4567e8f8d2c, type: 3}
      propertyPath: m_LocalPosition.y
      value: 3.1
      objectReference: {fileID: 0}
    - target: {fileID: 400000, guid: c750c99a2fdd5204aad4b4567e8f8d2c, type: 3}
      propertyPath: m_LocalPosition.z
      value: 1
      objectReference: {fileID: 0}
    - target: {fileID: 400000, guid: c750c99a2fdd5204aad4b4567e8f8d2c, type: 3}
      propertyPath: m_LocalRotation.x
      value: -0
      objectReference: {fileID: 0}
    - target: {fileID: 400000, guid: c750c99a2fdd5204aad4b4567e8f8d2c, type: 3}
      propertyPath: m_LocalRotation.y
      value: -0
      objectReference: {fileID: 0}
    - target: {fileID: 400000, guid: c750c99a2fdd5204aad4b4567e8f8d2c, type: 3}
      propertyPath: m_LocalRotation.z
      value: -0
      objectReference: {fileID: 0}
    - target: {fileID: 400000, guid: c750c99a2fdd5204aad4b4567e8f8d2c, type: 3}
      propertyPath: m_LocalRotation.w
      value: 1
      objectReference: {fileID: 0}
    - target: {fileID: 400000, guid: c750c99a2fdd5204aad4b4567e8f8d2c, type: 3}
      propertyPath: m_RootOrder
      value: 2
      objectReference: {fileID: 0}
    - target: {fileID: 400000, guid: c750c99a2fdd5204aad4b4567e8f8d2c, type: 3}
      propertyPath: m_LocalEulerAnglesHint.x
      value: 0
      objectReference: {fileID: 0}
    - target: {fileID: 400000, guid: c750c99a2fdd5204aad4b4567e8f8d2c, type: 3}
      propertyPath: m_LocalEulerAnglesHint.y
      value: 0
      objectReference: {fileID: 0}
    - target: {fileID: 400000, guid: c750c99a2fdd5204aad4b4567e8f8d2c, type: 3}
      propertyPath: m_LocalEulerAnglesHint.z
      value: 0
      objectReference: {fileID: 0}
    m_RemovedComponents: []
  m_SourcePrefab: {fileID: 100100000, guid: c750c99a2fdd5204aad4b4567e8f8d2c, type: 3}
--- !u!4 &63699657431798465 stripped
Transform:
  m_CorrespondingSourceObject: {fileID: 400000, guid: c750c99a2fdd5204aad4b4567e8f8d2c,
    type: 3}
  m_PrefabInstance: {fileID: 63699657432188993}
  m_PrefabAsset: {fileID: 0}
--- !u!1001 &616769034014811422
PrefabInstance:
  m_ObjectHideFlags: 0
  serializedVersion: 2
  m_Modification:
    m_TransformParent: {fileID: 7064475903770973240}
    m_Modifications:
    - target: {fileID: 114000, guid: 61b2309c6a9086940900bc53bfd82669, type: 3}
      propertyPath: m_Name
      value: fe_vil_barrel_L4b
      objectReference: {fileID: 0}
    - target: {fileID: 439214, guid: 61b2309c6a9086940900bc53bfd82669, type: 3}
      propertyPath: m_LocalPosition.x
      value: 0.693
      objectReference: {fileID: 0}
    - target: {fileID: 439214, guid: 61b2309c6a9086940900bc53bfd82669, type: 3}
      propertyPath: m_LocalPosition.y
      value: 3.1
      objectReference: {fileID: 0}
    - target: {fileID: 439214, guid: 61b2309c6a9086940900bc53bfd82669, type: 3}
      propertyPath: m_LocalPosition.z
      value: 1.4180969
      objectReference: {fileID: 0}
    - target: {fileID: 439214, guid: 61b2309c6a9086940900bc53bfd82669, type: 3}
      propertyPath: m_LocalRotation.x
      value: -0
      objectReference: {fileID: 0}
    - target: {fileID: 439214, guid: 61b2309c6a9086940900bc53bfd82669, type: 3}
      propertyPath: m_LocalRotation.y
      value: -0
      objectReference: {fileID: 0}
    - target: {fileID: 439214, guid: 61b2309c6a9086940900bc53bfd82669, type: 3}
      propertyPath: m_LocalRotation.z
      value: -0
      objectReference: {fileID: 0}
    - target: {fileID: 439214, guid: 61b2309c6a9086940900bc53bfd82669, type: 3}
      propertyPath: m_LocalRotation.w
      value: 1
      objectReference: {fileID: 0}
    - target: {fileID: 439214, guid: 61b2309c6a9086940900bc53bfd82669, type: 3}
      propertyPath: m_RootOrder
      value: 0
      objectReference: {fileID: 0}
    - target: {fileID: 439214, guid: 61b2309c6a9086940900bc53bfd82669, type: 3}
      propertyPath: m_LocalEulerAnglesHint.x
      value: 0
      objectReference: {fileID: 0}
    - target: {fileID: 439214, guid: 61b2309c6a9086940900bc53bfd82669, type: 3}
      propertyPath: m_LocalEulerAnglesHint.y
      value: 0
      objectReference: {fileID: 0}
    - target: {fileID: 439214, guid: 61b2309c6a9086940900bc53bfd82669, type: 3}
      propertyPath: m_LocalEulerAnglesHint.z
      value: 0
      objectReference: {fileID: 0}
    m_RemovedComponents: []
  m_SourcePrefab: {fileID: 100100000, guid: 61b2309c6a9086940900bc53bfd82669, type: 3}
--- !u!4 &616769034015168176 stripped
Transform:
  m_CorrespondingSourceObject: {fileID: 439214, guid: 61b2309c6a9086940900bc53bfd82669,
    type: 3}
  m_PrefabInstance: {fileID: 616769034014811422}
  m_PrefabAsset: {fileID: 0}
--- !u!1001 &1228797832563864393
PrefabInstance:
  m_ObjectHideFlags: 0
  serializedVersion: 2
  m_Modification:
    m_TransformParent: {fileID: 7064475903770973240}
    m_Modifications:
    - target: {fileID: 100000, guid: df7fdc890bbb8d846bce2e5b67b373b9, type: 3}
      propertyPath: m_Name
      value: fi_vil_container_crate_big_sweetpot02
      objectReference: {fileID: 0}
    - target: {fileID: 400000, guid: df7fdc890bbb8d846bce2e5b67b373b9, type: 3}
      propertyPath: m_LocalPosition.x
      value: 0.763
      objectReference: {fileID: 0}
    - target: {fileID: 400000, guid: df7fdc890bbb8d846bce2e5b67b373b9, type: 3}
      propertyPath: m_LocalPosition.y
      value: 1.5
      objectReference: {fileID: 0}
    - target: {fileID: 400000, guid: df7fdc890bbb8d846bce2e5b67b373b9, type: 3}
      propertyPath: m_LocalPosition.z
      value: -0.186
      objectReference: {fileID: 0}
    - target: {fileID: 400000, guid: df7fdc890bbb8d846bce2e5b67b373b9, type: 3}
      propertyPath: m_LocalRotation.x
      value: -0
      objectReference: {fileID: 0}
    - target: {fileID: 400000, guid: df7fdc890bbb8d846bce2e5b67b373b9, type: 3}
      propertyPath: m_LocalRotation.y
      value: 0.11048088
      objectReference: {fileID: 0}
    - target: {fileID: 400000, guid: df7fdc890bbb8d846bce2e5b67b373b9, type: 3}
      propertyPath: m_LocalRotation.z
      value: -0
      objectReference: {fileID: 0}
    - target: {fileID: 400000, guid: df7fdc890bbb8d846bce2e5b67b373b9, type: 3}
      propertyPath: m_LocalRotation.w
      value: 0.9938783
      objectReference: {fileID: 0}
    - target: {fileID: 400000, guid: df7fdc890bbb8d846bce2e5b67b373b9, type: 3}
      propertyPath: m_RootOrder
      value: 9
      objectReference: {fileID: 0}
    - target: {fileID: 400000, guid: df7fdc890bbb8d846bce2e5b67b373b9, type: 3}
      propertyPath: m_LocalEulerAnglesHint.x
      value: 0
      objectReference: {fileID: 0}
    - target: {fileID: 400000, guid: df7fdc890bbb8d846bce2e5b67b373b9, type: 3}
      propertyPath: m_LocalEulerAnglesHint.y
      value: 12.686001
      objectReference: {fileID: 0}
    - target: {fileID: 400000, guid: df7fdc890bbb8d846bce2e5b67b373b9, type: 3}
      propertyPath: m_LocalEulerAnglesHint.z
      value: 0
      objectReference: {fileID: 0}
    m_RemovedComponents: []
  m_SourcePrefab: {fileID: 100100000, guid: df7fdc890bbb8d846bce2e5b67b373b9, type: 3}
--- !u!4 &1228797832563730889 stripped
Transform:
  m_CorrespondingSourceObject: {fileID: 400000, guid: df7fdc890bbb8d846bce2e5b67b373b9,
    type: 3}
  m_PrefabInstance: {fileID: 1228797832563864393}
  m_PrefabAsset: {fileID: 0}
--- !u!1001 &1881970962224832638
PrefabInstance:
  m_ObjectHideFlags: 0
  serializedVersion: 2
  m_Modification:
    m_TransformParent: {fileID: 3149116728221166818}
    m_Modifications:
    - target: {fileID: 100000, guid: ed0abf4cef89c8f449844247c94726a8, type: 3}
      propertyPath: m_Name
      value: fi_vil_deck_pole_3m_A
      objectReference: {fileID: 0}
    - target: {fileID: 400000, guid: ed0abf4cef89c8f449844247c94726a8, type: 3}
      propertyPath: m_LocalPosition.x
      value: 1.086
      objectReference: {fileID: 0}
    - target: {fileID: 400000, guid: ed0abf4cef89c8f449844247c94726a8, type: 3}
      propertyPath: m_LocalPosition.y
      value: 1.8
      objectReference: {fileID: 0}
    - target: {fileID: 400000, guid: ed0abf4cef89c8f449844247c94726a8, type: 3}
      propertyPath: m_LocalPosition.z
      value: 1.75
      objectReference: {fileID: 0}
    - target: {fileID: 400000, guid: ed0abf4cef89c8f449844247c94726a8, type: 3}
      propertyPath: m_LocalRotation.x
      value: -0
      objectReference: {fileID: 0}
    - target: {fileID: 400000, guid: ed0abf4cef89c8f449844247c94726a8, type: 3}
      propertyPath: m_LocalRotation.y
      value: -0
      objectReference: {fileID: 0}
    - target: {fileID: 400000, guid: ed0abf4cef89c8f449844247c94726a8, type: 3}
      propertyPath: m_LocalRotation.z
      value: -0
      objectReference: {fileID: 0}
    - target: {fileID: 400000, guid: ed0abf4cef89c8f449844247c94726a8, type: 3}
      propertyPath: m_LocalRotation.w
      value: 1
      objectReference: {fileID: 0}
    - target: {fileID: 400000, guid: ed0abf4cef89c8f449844247c94726a8, type: 3}
      propertyPath: m_RootOrder
      value: 5
      objectReference: {fileID: 0}
    - target: {fileID: 400000, guid: ed0abf4cef89c8f449844247c94726a8, type: 3}
      propertyPath: m_LocalEulerAnglesHint.x
      value: 0
      objectReference: {fileID: 0}
    - target: {fileID: 400000, guid: ed0abf4cef89c8f449844247c94726a8, type: 3}
      propertyPath: m_LocalEulerAnglesHint.y
      value: 0
      objectReference: {fileID: 0}
    - target: {fileID: 400000, guid: ed0abf4cef89c8f449844247c94726a8, type: 3}
      propertyPath: m_LocalEulerAnglesHint.z
      value: 0
      objectReference: {fileID: 0}
    - target: {fileID: 400000, guid: ed0abf4cef89c8f449844247c94726a8, type: 3}
      propertyPath: m_LocalScale.y
      value: 1.2
      objectReference: {fileID: 0}
    m_RemovedComponents: []
  m_SourcePrefab: {fileID: 100100000, guid: ed0abf4cef89c8f449844247c94726a8, type: 3}
--- !u!4 &1881970962224970494 stripped
Transform:
  m_CorrespondingSourceObject: {fileID: 400000, guid: ed0abf4cef89c8f449844247c94726a8,
    type: 3}
  m_PrefabInstance: {fileID: 1881970962224832638}
  m_PrefabAsset: {fileID: 0}
--- !u!1001 &2118152620920974885
PrefabInstance:
  m_ObjectHideFlags: 0
  serializedVersion: 2
  m_Modification:
    m_TransformParent: {fileID: 3149116728221166818}
    m_Modifications:
    - target: {fileID: 100000, guid: c750c99a2fdd5204aad4b4567e8f8d2c, type: 3}
      propertyPath: m_Name
      value: fi_vil_deck_1,0mX2,0m_worn
      objectReference: {fileID: 0}
    - target: {fileID: 400000, guid: c750c99a2fdd5204aad4b4567e8f8d2c, type: 3}
      propertyPath: m_LocalPosition.x
      value: 0.67
      objectReference: {fileID: 0}
    - target: {fileID: 400000, guid: c750c99a2fdd5204aad4b4567e8f8d2c, type: 3}
      propertyPath: m_LocalPosition.y
      value: 3.1
      objectReference: {fileID: 0}
    - target: {fileID: 400000, guid: c750c99a2fdd5204aad4b4567e8f8d2c, type: 3}
      propertyPath: m_LocalPosition.z
      value: -1
      objectReference: {fileID: 0}
    - target: {fileID: 400000, guid: c750c99a2fdd5204aad4b4567e8f8d2c, type: 3}
      propertyPath: m_LocalRotation.x
      value: -0
      objectReference: {fileID: 0}
    - target: {fileID: 400000, guid: c750c99a2fdd5204aad4b4567e8f8d2c, type: 3}
      propertyPath: m_LocalRotation.y
      value: -0
      objectReference: {fileID: 0}
    - target: {fileID: 400000, guid: c750c99a2fdd5204aad4b4567e8f8d2c, type: 3}
      propertyPath: m_LocalRotation.z
      value: -0
      objectReference: {fileID: 0}
    - target: {fileID: 400000, guid: c750c99a2fdd5204aad4b4567e8f8d2c, type: 3}
      propertyPath: m_LocalRotation.w
      value: 1
      objectReference: {fileID: 0}
    - target: {fileID: 400000, guid: c750c99a2fdd5204aad4b4567e8f8d2c, type: 3}
      propertyPath: m_RootOrder
      value: 1
      objectReference: {fileID: 0}
    - target: {fileID: 400000, guid: c750c99a2fdd5204aad4b4567e8f8d2c, type: 3}
      propertyPath: m_LocalEulerAnglesHint.x
      value: 0
      objectReference: {fileID: 0}
    - target: {fileID: 400000, guid: c750c99a2fdd5204aad4b4567e8f8d2c, type: 3}
      propertyPath: m_LocalEulerAnglesHint.y
      value: 0
      objectReference: {fileID: 0}
    - target: {fileID: 400000, guid: c750c99a2fdd5204aad4b4567e8f8d2c, type: 3}
      propertyPath: m_LocalEulerAnglesHint.z
      value: 0
      objectReference: {fileID: 0}
    m_RemovedComponents: []
  m_SourcePrefab: {fileID: 100100000, guid: c750c99a2fdd5204aad4b4567e8f8d2c, type: 3}
--- !u!4 &2118152620920583333 stripped
Transform:
  m_CorrespondingSourceObject: {fileID: 400000, guid: c750c99a2fdd5204aad4b4567e8f8d2c,
    type: 3}
  m_PrefabInstance: {fileID: 2118152620920974885}
  m_PrefabAsset: {fileID: 0}
--- !u!1001 &2166046031045738660
PrefabInstance:
  m_ObjectHideFlags: 0
  serializedVersion: 2
  m_Modification:
    m_TransformParent: {fileID: 3149116728221166818}
    m_Modifications:
    - target: {fileID: 101136, guid: 583032947a53a6e489779c2443fafe79, type: 3}
      propertyPath: m_Name
      value: fe_vil_WTower_ladder01c
      objectReference: {fileID: 0}
    - target: {fileID: 455714, guid: 583032947a53a6e489779c2443fafe79, type: 3}
      propertyPath: m_LocalPosition.x
      value: 1.915
      objectReference: {fileID: 0}
    - target: {fileID: 455714, guid: 583032947a53a6e489779c2443fafe79, type: 3}
      propertyPath: m_LocalPosition.y
      value: 0
      objectReference: {fileID: 0}
    - target: {fileID: 455714, guid: 583032947a53a6e489779c2443fafe79, type: 3}
      propertyPath: m_LocalPosition.z
      value: 0.83
      objectReference: {fileID: 0}
    - target: {fileID: 455714, guid: 583032947a53a6e489779c2443fafe79, type: 3}
      propertyPath: m_LocalRotation.x
      value: -0
      objectReference: {fileID: 0}
    - target: {fileID: 455714, guid: 583032947a53a6e489779c2443fafe79, type: 3}
      propertyPath: m_LocalRotation.y
      value: -0
      objectReference: {fileID: 0}
    - target: {fileID: 455714, guid: 583032947a53a6e489779c2443fafe79, type: 3}
      propertyPath: m_LocalRotation.z
      value: 0.11901478
      objectReference: {fileID: 0}
    - target: {fileID: 455714, guid: 583032947a53a6e489779c2443fafe79, type: 3}
      propertyPath: m_LocalRotation.w
      value: 0.9928925
      objectReference: {fileID: 0}
    - target: {fileID: 455714, guid: 583032947a53a6e489779c2443fafe79, type: 3}
      propertyPath: m_RootOrder
      value: 7
      objectReference: {fileID: 0}
    - target: {fileID: 455714, guid: 583032947a53a6e489779c2443fafe79, type: 3}
      propertyPath: m_LocalEulerAnglesHint.x
      value: 0
      objectReference: {fileID: 0}
    - target: {fileID: 455714, guid: 583032947a53a6e489779c2443fafe79, type: 3}
      propertyPath: m_LocalEulerAnglesHint.y
      value: 0
      objectReference: {fileID: 0}
    - target: {fileID: 455714, guid: 583032947a53a6e489779c2443fafe79, type: 3}
      propertyPath: m_LocalEulerAnglesHint.z
      value: 13.6710005
      objectReference: {fileID: 0}
    m_RemovedComponents: []
  m_SourcePrefab: {fileID: 100100000, guid: 583032947a53a6e489779c2443fafe79, type: 3}
--- !u!4 &2166046031046161542 stripped
Transform:
  m_CorrespondingSourceObject: {fileID: 455714, guid: 583032947a53a6e489779c2443fafe79,
    type: 3}
  m_PrefabInstance: {fileID: 2166046031045738660}
  m_PrefabAsset: {fileID: 0}
--- !u!1001 &2368013307527126463
PrefabInstance:
  m_ObjectHideFlags: 0
  serializedVersion: 2
  m_Modification:
    m_TransformParent: {fileID: 7064475903770973240}
    m_Modifications:
    - target: {fileID: 166548, guid: fd6a7ed13a58f6341927b0a4b297e706, type: 3}
      propertyPath: m_Name
      value: fe_vil_crate_04e
      objectReference: {fileID: 0}
    - target: {fileID: 454594, guid: fd6a7ed13a58f6341927b0a4b297e706, type: 3}
      propertyPath: m_LocalPosition.x
      value: 0.738
      objectReference: {fileID: 0}
    - target: {fileID: 454594, guid: fd6a7ed13a58f6341927b0a4b297e706, type: 3}
      propertyPath: m_LocalPosition.y
      value: 3.1
      objectReference: {fileID: 0}
    - target: {fileID: 454594, guid: fd6a7ed13a58f6341927b0a4b297e706, type: 3}
      propertyPath: m_LocalPosition.z
      value: -1.539
      objectReference: {fileID: 0}
    - target: {fileID: 454594, guid: fd6a7ed13a58f6341927b0a4b297e706, type: 3}
      propertyPath: m_LocalRotation.x
      value: -0
      objectReference: {fileID: 0}
    - target: {fileID: 454594, guid: fd6a7ed13a58f6341927b0a4b297e706, type: 3}
      propertyPath: m_LocalRotation.y
      value: -0.09583266
      objectReference: {fileID: 0}
    - target: {fileID: 454594, guid: fd6a7ed13a58f6341927b0a4b297e706, type: 3}
      propertyPath: m_LocalRotation.z
      value: -0
      objectReference: {fileID: 0}
    - target: {fileID: 454594, guid: fd6a7ed13a58f6341927b0a4b297e706, type: 3}
      propertyPath: m_LocalRotation.w
      value: 0.9953975
      objectReference: {fileID: 0}
    - target: {fileID: 454594, guid: fd6a7ed13a58f6341927b0a4b297e706, type: 3}
      propertyPath: m_RootOrder
      value: 14
      objectReference: {fileID: 0}
    - target: {fileID: 454594, guid: fd6a7ed13a58f6341927b0a4b297e706, type: 3}
      propertyPath: m_LocalEulerAnglesHint.x
      value: 0
      objectReference: {fileID: 0}
    - target: {fileID: 454594, guid: fd6a7ed13a58f6341927b0a4b297e706, type: 3}
      propertyPath: m_LocalEulerAnglesHint.y
      value: -10.998
      objectReference: {fileID: 0}
    - target: {fileID: 454594, guid: fd6a7ed13a58f6341927b0a4b297e706, type: 3}
      propertyPath: m_LocalEulerAnglesHint.z
      value: 0
      objectReference: {fileID: 0}
    m_RemovedComponents: []
  m_SourcePrefab: {fileID: 100100000, guid: fd6a7ed13a58f6341927b0a4b297e706, type: 3}
--- !u!4 &2368013307527017085 stripped
Transform:
  m_CorrespondingSourceObject: {fileID: 454594, guid: fd6a7ed13a58f6341927b0a4b297e706,
    type: 3}
  m_PrefabInstance: {fileID: 2368013307527126463}
  m_PrefabAsset: {fileID: 0}
--- !u!1001 &3038595603223130130
PrefabInstance:
  m_ObjectHideFlags: 0
  serializedVersion: 2
  m_Modification:
    m_TransformParent: {fileID: 7064475903770973240}
    m_Modifications:
    - target: {fileID: 110392, guid: 721fde525ad9c504d8ebe154ee65732a, type: 3}
      propertyPath: m_Name
      value: fe_vil_barrel_M4b
      objectReference: {fileID: 0}
    - target: {fileID: 426982, guid: 721fde525ad9c504d8ebe154ee65732a, type: 3}
      propertyPath: m_LocalPosition.x
      value: 0.572
      objectReference: {fileID: 0}
    - target: {fileID: 426982, guid: 721fde525ad9c504d8ebe154ee65732a, type: 3}
      propertyPath: m_LocalPosition.y
      value: 1.5
      objectReference: {fileID: 0}
    - target: {fileID: 426982, guid: 721fde525ad9c504d8ebe154ee65732a, type: 3}
      propertyPath: m_LocalPosition.z
      value: -0.923
      objectReference: {fileID: 0}
    - target: {fileID: 426982, guid: 721fde525ad9c504d8ebe154ee65732a, type: 3}
      propertyPath: m_LocalRotation.x
      value: -0
      objectReference: {fileID: 0}
    - target: {fileID: 426982, guid: 721fde525ad9c504d8ebe154ee65732a, type: 3}
      propertyPath: m_LocalRotation.y
      value: -0
      objectReference: {fileID: 0}
    - target: {fileID: 426982, guid: 721fde525ad9c504d8ebe154ee65732a, type: 3}
      propertyPath: m_LocalRotation.z
      value: -0
      objectReference: {fileID: 0}
    - target: {fileID: 426982, guid: 721fde525ad9c504d8ebe154ee65732a, type: 3}
      propertyPath: m_LocalRotation.w
      value: 1
      objectReference: {fileID: 0}
    - target: {fileID: 426982, guid: 721fde525ad9c504d8ebe154ee65732a, type: 3}
      propertyPath: m_RootOrder
      value: 1
      objectReference: {fileID: 0}
    - target: {fileID: 426982, guid: 721fde525ad9c504d8ebe154ee65732a, type: 3}
      propertyPath: m_LocalEulerAnglesHint.x
      value: 0
      objectReference: {fileID: 0}
    - target: {fileID: 426982, guid: 721fde525ad9c504d8ebe154ee65732a, type: 3}
      propertyPath: m_LocalEulerAnglesHint.y
      value: 0
      objectReference: {fileID: 0}
    - target: {fileID: 426982, guid: 721fde525ad9c504d8ebe154ee65732a, type: 3}
      propertyPath: m_LocalEulerAnglesHint.z
      value: 0
      objectReference: {fileID: 0}
    m_RemovedComponents: []
  m_SourcePrefab: {fileID: 100100000, guid: 721fde525ad9c504d8ebe154ee65732a, type: 3}
--- !u!4 &3038595603222967284 stripped
Transform:
  m_CorrespondingSourceObject: {fileID: 426982, guid: 721fde525ad9c504d8ebe154ee65732a,
    type: 3}
  m_PrefabInstance: {fileID: 3038595603223130130}
  m_PrefabAsset: {fileID: 0}
--- !u!1001 &3479098479740849030
PrefabInstance:
  m_ObjectHideFlags: 0
  serializedVersion: 2
  m_Modification:
    m_TransformParent: {fileID: 3149116728221166818}
    m_Modifications:
    - target: {fileID: 100000, guid: c750c99a2fdd5204aad4b4567e8f8d2c, type: 3}
      propertyPath: m_Name
      value: fi_vil_deck_1,0mX2,0m_worn
      objectReference: {fileID: 0}
    - target: {fileID: 400000, guid: c750c99a2fdd5204aad4b4567e8f8d2c, type: 3}
      propertyPath: m_LocalPosition.x
      value: 0.67
      objectReference: {fileID: 0}
    - target: {fileID: 400000, guid: c750c99a2fdd5204aad4b4567e8f8d2c, type: 3}
      propertyPath: m_LocalPosition.y
      value: 1.5
      objectReference: {fileID: 0}
    - target: {fileID: 400000, guid: c750c99a2fdd5204aad4b4567e8f8d2c, type: 3}
      propertyPath: m_LocalPosition.z
      value: 1
      objectReference: {fileID: 0}
    - target: {fileID: 400000, guid: c750c99a2fdd5204aad4b4567e8f8d2c, type: 3}
      propertyPath: m_LocalRotation.x
      value: -0
      objectReference: {fileID: 0}
    - target: {fileID: 400000, guid: c750c99a2fdd5204aad4b4567e8f8d2c, type: 3}
      propertyPath: m_LocalRotation.y
      value: -0
      objectReference: {fileID: 0}
    - target: {fileID: 400000, guid: c750c99a2fdd5204aad4b4567e8f8d2c, type: 3}
      propertyPath: m_LocalRotation.z
      value: -0
      objectReference: {fileID: 0}
    - target: {fileID: 400000, guid: c750c99a2fdd5204aad4b4567e8f8d2c, type: 3}
      propertyPath: m_LocalRotation.w
      value: 1
      objectReference: {fileID: 0}
    - target: {fileID: 400000, guid: c750c99a2fdd5204aad4b4567e8f8d2c, type: 3}
      propertyPath: m_RootOrder
      value: 4
      objectReference: {fileID: 0}
    - target: {fileID: 400000, guid: c750c99a2fdd5204aad4b4567e8f8d2c, type: 3}
      propertyPath: m_LocalEulerAnglesHint.x
      value: 0
      objectReference: {fileID: 0}
    - target: {fileID: 400000, guid: c750c99a2fdd5204aad4b4567e8f8d2c, type: 3}
      propertyPath: m_LocalEulerAnglesHint.y
      value: 0
      objectReference: {fileID: 0}
    - target: {fileID: 400000, guid: c750c99a2fdd5204aad4b4567e8f8d2c, type: 3}
      propertyPath: m_LocalEulerAnglesHint.z
      value: 0
      objectReference: {fileID: 0}
    m_RemovedComponents: []
  m_SourcePrefab: {fileID: 100100000, guid: c750c99a2fdd5204aad4b4567e8f8d2c, type: 3}
--- !u!4 &3479098479740457222 stripped
Transform:
  m_CorrespondingSourceObject: {fileID: 400000, guid: c750c99a2fdd5204aad4b4567e8f8d2c,
    type: 3}
  m_PrefabInstance: {fileID: 3479098479740849030}
  m_PrefabAsset: {fileID: 0}
--- !u!1001 &3621500062809095524
PrefabInstance:
  m_ObjectHideFlags: 0
  serializedVersion: 2
  m_Modification:
    m_TransformParent: {fileID: 7064475903770973240}
    m_Modifications:
    - target: {fileID: 198752, guid: 7823e57245d2ee34d995f8236ebc7c73, type: 3}
      propertyPath: m_Name
      value: fe_vil_barrel_S1a
      objectReference: {fileID: 0}
    - target: {fileID: 466752, guid: 7823e57245d2ee34d995f8236ebc7c73, type: 3}
      propertyPath: m_LocalPosition.x
      value: 0.511
      objectReference: {fileID: 0}
    - target: {fileID: 466752, guid: 7823e57245d2ee34d995f8236ebc7c73, type: 3}
      propertyPath: m_LocalPosition.y
      value: 0.099995
      objectReference: {fileID: 0}
    - target: {fileID: 466752, guid: 7823e57245d2ee34d995f8236ebc7c73, type: 3}
      propertyPath: m_LocalPosition.z
      value: 0.797
      objectReference: {fileID: 0}
    - target: {fileID: 466752, guid: 7823e57245d2ee34d995f8236ebc7c73, type: 3}
      propertyPath: m_LocalRotation.x
      value: -0
      objectReference: {fileID: 0}
    - target: {fileID: 466752, guid: 7823e57245d2ee34d995f8236ebc7c73, type: 3}
      propertyPath: m_LocalRotation.y
      value: -0
      objectReference: {fileID: 0}
    - target: {fileID: 466752, guid: 7823e57245d2ee34d995f8236ebc7c73, type: 3}
      propertyPath: m_LocalRotation.z
      value: -0
      objectReference: {fileID: 0}
    - target: {fileID: 466752, guid: 7823e57245d2ee34d995f8236ebc7c73, type: 3}
      propertyPath: m_LocalRotation.w
      value: 1
      objectReference: {fileID: 0}
    - target: {fileID: 466752, guid: 7823e57245d2ee34d995f8236ebc7c73, type: 3}
      propertyPath: m_RootOrder
      value: 11
      objectReference: {fileID: 0}
    - target: {fileID: 466752, guid: 7823e57245d2ee34d995f8236ebc7c73, type: 3}
      propertyPath: m_LocalEulerAnglesHint.x
      value: 0
      objectReference: {fileID: 0}
    - target: {fileID: 466752, guid: 7823e57245d2ee34d995f8236ebc7c73, type: 3}
      propertyPath: m_LocalEulerAnglesHint.y
      value: 0
      objectReference: {fileID: 0}
    - target: {fileID: 466752, guid: 7823e57245d2ee34d995f8236ebc7c73, type: 3}
      propertyPath: m_LocalEulerAnglesHint.z
      value: 0
      objectReference: {fileID: 0}
    m_RemovedComponents: []
  m_SourcePrefab: {fileID: 100100000, guid: 7823e57245d2ee34d995f8236ebc7c73, type: 3}
--- !u!4 &3621500062809285156 stripped
Transform:
  m_CorrespondingSourceObject: {fileID: 466752, guid: 7823e57245d2ee34d995f8236ebc7c73,
    type: 3}
  m_PrefabInstance: {fileID: 3621500062809095524}
  m_PrefabAsset: {fileID: 0}
--- !u!1001 &3674825639747013359
PrefabInstance:
  m_ObjectHideFlags: 0
  serializedVersion: 2
  m_Modification:
    m_TransformParent: {fileID: 7064475903770973240}
    m_Modifications:
    - target: {fileID: 100000, guid: 60ef6eb4b88ce2c41b88b7b31cb351e9, type: 3}
      propertyPath: m_Name
      value: fi_vil_container_sack02x2
      objectReference: {fileID: 0}
    - target: {fileID: 400000, guid: 60ef6eb4b88ce2c41b88b7b31cb351e9, type: 3}
      propertyPath: m_LocalPosition.x
      value: 0.717
      objectReference: {fileID: 0}
    - target: {fileID: 400000, guid: 60ef6eb4b88ce2c41b88b7b31cb351e9, type: 3}
      propertyPath: m_LocalPosition.y
      value: 1.5
      objectReference: {fileID: 0}
    - target: {fileID: 400000, guid: 60ef6eb4b88ce2c41b88b7b31cb351e9, type: 3}
      propertyPath: m_LocalPosition.z
      value: 0.844
      objectReference: {fileID: 0}
    - target: {fileID: 400000, guid: 60ef6eb4b88ce2c41b88b7b31cb351e9, type: 3}
      propertyPath: m_LocalRotation.x
      value: -0
      objectReference: {fileID: 0}
    - target: {fileID: 400000, guid: 60ef6eb4b88ce2c41b88b7b31cb351e9, type: 3}
      propertyPath: m_LocalRotation.y
      value: -0.25596368
      objectReference: {fileID: 0}
    - target: {fileID: 400000, guid: 60ef6eb4b88ce2c41b88b7b31cb351e9, type: 3}
      propertyPath: m_LocalRotation.z
      value: -0
      objectReference: {fileID: 0}
    - target: {fileID: 400000, guid: 60ef6eb4b88ce2c41b88b7b31cb351e9, type: 3}
      propertyPath: m_LocalRotation.w
      value: 0.9666864
      objectReference: {fileID: 0}
    - target: {fileID: 400000, guid: 60ef6eb4b88ce2c41b88b7b31cb351e9, type: 3}
      propertyPath: m_RootOrder
      value: 6
      objectReference: {fileID: 0}
    - target: {fileID: 400000, guid: 60ef6eb4b88ce2c41b88b7b31cb351e9, type: 3}
      propertyPath: m_LocalEulerAnglesHint.x
      value: 0
      objectReference: {fileID: 0}
    - target: {fileID: 400000, guid: 60ef6eb4b88ce2c41b88b7b31cb351e9, type: 3}
      propertyPath: m_LocalEulerAnglesHint.y
      value: -29.661001
      objectReference: {fileID: 0}
    - target: {fileID: 400000, guid: 60ef6eb4b88ce2c41b88b7b31cb351e9, type: 3}
      propertyPath: m_LocalEulerAnglesHint.z
      value: 0
      objectReference: {fileID: 0}
    m_RemovedComponents: []
  m_SourcePrefab: {fileID: 100100000, guid: 60ef6eb4b88ce2c41b88b7b31cb351e9, type: 3}
--- !u!4 &3674825639746621551 stripped
Transform:
  m_CorrespondingSourceObject: {fileID: 400000, guid: 60ef6eb4b88ce2c41b88b7b31cb351e9,
    type: 3}
  m_PrefabInstance: {fileID: 3674825639747013359}
  m_PrefabAsset: {fileID: 0}
--- !u!1001 &3977548915624003037
PrefabInstance:
  m_ObjectHideFlags: 0
  serializedVersion: 2
  m_Modification:
    m_TransformParent: {fileID: 3149116728221166818}
    m_Modifications:
    - target: {fileID: 100000, guid: ed0abf4cef89c8f449844247c94726a8, type: 3}
      propertyPath: m_Name
      value: fi_vil_deck_pole_3m_A
      objectReference: {fileID: 0}
    - target: {fileID: 400000, guid: ed0abf4cef89c8f449844247c94726a8, type: 3}
      propertyPath: m_LocalPosition.x
      value: 1.086
      objectReference: {fileID: 0}
    - target: {fileID: 400000, guid: ed0abf4cef89c8f449844247c94726a8, type: 3}
      propertyPath: m_LocalPosition.y
      value: 1.8
      objectReference: {fileID: 0}
    - target: {fileID: 400000, guid: ed0abf4cef89c8f449844247c94726a8, type: 3}
      propertyPath: m_LocalPosition.z
      value: -1.75
      objectReference: {fileID: 0}
    - target: {fileID: 400000, guid: ed0abf4cef89c8f449844247c94726a8, type: 3}
      propertyPath: m_LocalRotation.x
      value: -0
      objectReference: {fileID: 0}
    - target: {fileID: 400000, guid: ed0abf4cef89c8f449844247c94726a8, type: 3}
      propertyPath: m_LocalRotation.y
      value: -0
      objectReference: {fileID: 0}
    - target: {fileID: 400000, guid: ed0abf4cef89c8f449844247c94726a8, type: 3}
      propertyPath: m_LocalRotation.z
      value: -0
      objectReference: {fileID: 0}
    - target: {fileID: 400000, guid: ed0abf4cef89c8f449844247c94726a8, type: 3}
      propertyPath: m_LocalRotation.w
      value: 1
      objectReference: {fileID: 0}
    - target: {fileID: 400000, guid: ed0abf4cef89c8f449844247c94726a8, type: 3}
      propertyPath: m_RootOrder
      value: 6
      objectReference: {fileID: 0}
    - target: {fileID: 400000, guid: ed0abf4cef89c8f449844247c94726a8, type: 3}
      propertyPath: m_LocalEulerAnglesHint.x
      value: 0
      objectReference: {fileID: 0}
    - target: {fileID: 400000, guid: ed0abf4cef89c8f449844247c94726a8, type: 3}
      propertyPath: m_LocalEulerAnglesHint.y
      value: 0
      objectReference: {fileID: 0}
    - target: {fileID: 400000, guid: ed0abf4cef89c8f449844247c94726a8, type: 3}
      propertyPath: m_LocalEulerAnglesHint.z
      value: 0
      objectReference: {fileID: 0}
    - target: {fileID: 400000, guid: ed0abf4cef89c8f449844247c94726a8, type: 3}
      propertyPath: m_LocalScale.y
      value: 1.2
      objectReference: {fileID: 0}
    m_RemovedComponents: []
  m_SourcePrefab: {fileID: 100100000, guid: ed0abf4cef89c8f449844247c94726a8, type: 3}
--- !u!4 &3977548915624140637 stripped
Transform:
  m_CorrespondingSourceObject: {fileID: 400000, guid: ed0abf4cef89c8f449844247c94726a8,
    type: 3}
  m_PrefabInstance: {fileID: 3977548915624003037}
  m_PrefabAsset: {fileID: 0}
--- !u!1001 &4862340981347651039
PrefabInstance:
  m_ObjectHideFlags: 0
  serializedVersion: 2
  m_Modification:
    m_TransformParent: {fileID: 7064475903770973240}
    m_Modifications:
    - target: {fileID: 147260, guid: b7695aba9d6366f41a3c685dd14f4f6b, type: 3}
      propertyPath: m_Name
      value: fe_vil_crate_pallet_large
      objectReference: {fileID: 0}
    - target: {fileID: 482416, guid: b7695aba9d6366f41a3c685dd14f4f6b, type: 3}
      propertyPath: m_LocalPosition.x
      value: 0.804
      objectReference: {fileID: 0}
    - target: {fileID: 482416, guid: b7695aba9d6366f41a3c685dd14f4f6b, type: 3}
      propertyPath: m_LocalPosition.y
      value: 0
      objectReference: {fileID: 0}
    - target: {fileID: 482416, guid: b7695aba9d6366f41a3c685dd14f4f6b, type: 3}
      propertyPath: m_LocalPosition.z
      value: 0.638
      objectReference: {fileID: 0}
    - target: {fileID: 482416, guid: b7695aba9d6366f41a3c685dd14f4f6b, type: 3}
      propertyPath: m_LocalRotation.x
      value: -0
      objectReference: {fileID: 0}
    - target: {fileID: 482416, guid: b7695aba9d6366f41a3c685dd14f4f6b, type: 3}
      propertyPath: m_LocalRotation.y
      value: 0.6841547
      objectReference: {fileID: 0}
    - target: {fileID: 482416, guid: b7695aba9d6366f41a3c685dd14f4f6b, type: 3}
      propertyPath: m_LocalRotation.z
      value: -0
      objectReference: {fileID: 0}
    - target: {fileID: 482416, guid: b7695aba9d6366f41a3c685dd14f4f6b, type: 3}
      propertyPath: m_LocalRotation.w
      value: 0.7293369
      objectReference: {fileID: 0}
    - target: {fileID: 482416, guid: b7695aba9d6366f41a3c685dd14f4f6b, type: 3}
      propertyPath: m_RootOrder
      value: 12
      objectReference: {fileID: 0}
    - target: {fileID: 482416, guid: b7695aba9d6366f41a3c685dd14f4f6b, type: 3}
      propertyPath: m_LocalEulerAnglesHint.x
      value: 0
      objectReference: {fileID: 0}
    - target: {fileID: 482416, guid: b7695aba9d6366f41a3c685dd14f4f6b, type: 3}
      propertyPath: m_LocalEulerAnglesHint.y
      value: 86.338005
      objectReference: {fileID: 0}
    - target: {fileID: 482416, guid: b7695aba9d6366f41a3c685dd14f4f6b, type: 3}
      propertyPath: m_LocalEulerAnglesHint.z
      value: 0
      objectReference: {fileID: 0}
    m_RemovedComponents: []
  m_SourcePrefab: {fileID: 100100000, guid: b7695aba9d6366f41a3c685dd14f4f6b, type: 3}
--- !u!4 &4862340981347471791 stripped
Transform:
  m_CorrespondingSourceObject: {fileID: 482416, guid: b7695aba9d6366f41a3c685dd14f4f6b,
    type: 3}
  m_PrefabInstance: {fileID: 4862340981347651039}
  m_PrefabAsset: {fileID: 0}
--- !u!1001 &5647323348503354077
PrefabInstance:
  m_ObjectHideFlags: 0
  serializedVersion: 2
  m_Modification:
    m_TransformParent: {fileID: 7064475903770973240}
    m_Modifications:
    - target: {fileID: 168054, guid: 72da0a0737e4580458546f84d68def10, type: 3}
      propertyPath: m_Name
      value: fe_vil_crate_03f
      objectReference: {fileID: 0}
    - target: {fileID: 476182, guid: 72da0a0737e4580458546f84d68def10, type: 3}
      propertyPath: m_LocalPosition.x
      value: 0.598
      objectReference: {fileID: 0}
    - target: {fileID: 476182, guid: 72da0a0737e4580458546f84d68def10, type: 3}
      propertyPath: m_LocalPosition.y
      value: 1.5
      objectReference: {fileID: 0}
    - target: {fileID: 476182, guid: 72da0a0737e4580458546f84d68def10, type: 3}
      propertyPath: m_LocalPosition.z
      value: 1.68
      objectReference: {fileID: 0}
    - target: {fileID: 476182, guid: 72da0a0737e4580458546f84d68def10, type: 3}
      propertyPath: m_LocalRotation.x
      value: -0
      objectReference: {fileID: 0}
    - target: {fileID: 476182, guid: 72da0a0737e4580458546f84d68def10, type: 3}
      propertyPath: m_LocalRotation.y
      value: -0
      objectReference: {fileID: 0}
    - target: {fileID: 476182, guid: 72da0a0737e4580458546f84d68def10, type: 3}
      propertyPath: m_LocalRotation.z
      value: -0
      objectReference: {fileID: 0}
    - target: {fileID: 476182, guid: 72da0a0737e4580458546f84d68def10, type: 3}
      propertyPath: m_LocalRotation.w
      value: 1
      objectReference: {fileID: 0}
    - target: {fileID: 476182, guid: 72da0a0737e4580458546f84d68def10, type: 3}
      propertyPath: m_RootOrder
      value: 15
      objectReference: {fileID: 0}
    - target: {fileID: 476182, guid: 72da0a0737e4580458546f84d68def10, type: 3}
      propertyPath: m_LocalEulerAnglesHint.x
      value: 0
      objectReference: {fileID: 0}
    - target: {fileID: 476182, guid: 72da0a0737e4580458546f84d68def10, type: 3}
      propertyPath: m_LocalEulerAnglesHint.y
      value: 0
      objectReference: {fileID: 0}
    - target: {fileID: 476182, guid: 72da0a0737e4580458546f84d68def10, type: 3}
      propertyPath: m_LocalEulerAnglesHint.z
      value: 0
      objectReference: {fileID: 0}
    m_RemovedComponents: []
  m_SourcePrefab: {fileID: 100100000, guid: 72da0a0737e4580458546f84d68def10, type: 3}
--- !u!4 &5647323348502879947 stripped
Transform:
  m_CorrespondingSourceObject: {fileID: 476182, guid: 72da0a0737e4580458546f84d68def10,
    type: 3}
  m_PrefabInstance: {fileID: 5647323348503354077}
  m_PrefabAsset: {fileID: 0}
--- !u!1001 &5684107330300070550
PrefabInstance:
  m_ObjectHideFlags: 0
  serializedVersion: 2
  m_Modification:
    m_TransformParent: {fileID: 7064475903770973240}
    m_Modifications:
    - target: {fileID: 190448, guid: 3433770c29fdd364b8e62fb4f02d8658, type: 3}
      propertyPath: m_Name
      value: fe_vil_barrel_S4b
      objectReference: {fileID: 0}
    - target: {fileID: 422742, guid: 3433770c29fdd364b8e62fb4f02d8658, type: 3}
      propertyPath: m_LocalPosition.x
      value: 1.017
      objectReference: {fileID: 0}
    - target: {fileID: 422742, guid: 3433770c29fdd364b8e62fb4f02d8658, type: 3}
      propertyPath: m_LocalPosition.y
      value: 0.099995
      objectReference: {fileID: 0}
    - target: {fileID: 422742, guid: 3433770c29fdd364b8e62fb4f02d8658, type: 3}
      propertyPath: m_LocalPosition.z
      value: 0.379
      objectReference: {fileID: 0}
    - target: {fileID: 422742, guid: 3433770c29fdd364b8e62fb4f02d8658, type: 3}
      propertyPath: m_LocalRotation.x
      value: -0
      objectReference: {fileID: 0}
    - target: {fileID: 422742, guid: 3433770c29fdd364b8e62fb4f02d8658, type: 3}
      propertyPath: m_LocalRotation.y
      value: -0
      objectReference: {fileID: 0}
    - target: {fileID: 422742, guid: 3433770c29fdd364b8e62fb4f02d8658, type: 3}
      propertyPath: m_LocalRotation.z
      value: -0
      objectReference: {fileID: 0}
    - target: {fileID: 422742, guid: 3433770c29fdd364b8e62fb4f02d8658, type: 3}
      propertyPath: m_LocalRotation.w
      value: 1
      objectReference: {fileID: 0}
    - target: {fileID: 422742, guid: 3433770c29fdd364b8e62fb4f02d8658, type: 3}
      propertyPath: m_RootOrder
      value: 10
      objectReference: {fileID: 0}
    - target: {fileID: 422742, guid: 3433770c29fdd364b8e62fb4f02d8658, type: 3}
      propertyPath: m_LocalEulerAnglesHint.x
      value: 0
      objectReference: {fileID: 0}
    - target: {fileID: 422742, guid: 3433770c29fdd364b8e62fb4f02d8658, type: 3}
      propertyPath: m_LocalEulerAnglesHint.y
      value: 0
      objectReference: {fileID: 0}
    - target: {fileID: 422742, guid: 3433770c29fdd364b8e62fb4f02d8658, type: 3}
      propertyPath: m_LocalEulerAnglesHint.z
      value: 0
      objectReference: {fileID: 0}
    m_RemovedComponents: []
  m_SourcePrefab: {fileID: 100100000, guid: 3433770c29fdd364b8e62fb4f02d8658, type: 3}
--- !u!4 &5684107330300197312 stripped
Transform:
  m_CorrespondingSourceObject: {fileID: 422742, guid: 3433770c29fdd364b8e62fb4f02d8658,
    type: 3}
  m_PrefabInstance: {fileID: 5684107330300070550}
  m_PrefabAsset: {fileID: 0}
--- !u!1001 &7778544559730997349
PrefabInstance:
  m_ObjectHideFlags: 0
  serializedVersion: 2
  m_Modification:
    m_TransformParent: {fileID: 7064475903770973240}
    m_Modifications:
    - target: {fileID: 148838, guid: 8c0e271bcb4308142a1ea3aeb8cc2a6f, type: 3}
      propertyPath: m_Name
      value: fe_vil_barrel_S1b
      objectReference: {fileID: 0}
    - target: {fileID: 495980, guid: 8c0e271bcb4308142a1ea3aeb8cc2a6f, type: 3}
      propertyPath: m_LocalPosition.x
      value: 0.699
      objectReference: {fileID: 0}
    - target: {fileID: 495980, guid: 8c0e271bcb4308142a1ea3aeb8cc2a6f, type: 3}
      propertyPath: m_LocalPosition.y
      value: 1.5
      objectReference: {fileID: 0}
    - target: {fileID: 495980, guid: 8c0e271bcb4308142a1ea3aeb8cc2a6f, type: 3}
      propertyPath: m_LocalPosition.z
      value: -1.578
      objectReference: {fileID: 0}
    - target: {fileID: 495980, guid: 8c0e271bcb4308142a1ea3aeb8cc2a6f, type: 3}
      propertyPath: m_LocalRotation.x
      value: -0
      objectReference: {fileID: 0}
    - target: {fileID: 495980, guid: 8c0e271bcb4308142a1ea3aeb8cc2a6f, type: 3}
      propertyPath: m_LocalRotation.y
      value: -0
      objectReference: {fileID: 0}
    - target: {fileID: 495980, guid: 8c0e271bcb4308142a1ea3aeb8cc2a6f, type: 3}
      propertyPath: m_LocalRotation.z
      value: -0
      objectReference: {fileID: 0}
    - target: {fileID: 495980, guid: 8c0e271bcb4308142a1ea3aeb8cc2a6f, type: 3}
      propertyPath: m_LocalRotation.w
      value: 1
      objectReference: {fileID: 0}
    - target: {fileID: 495980, guid: 8c0e271bcb4308142a1ea3aeb8cc2a6f, type: 3}
      propertyPath: m_RootOrder
      value: 2
      objectReference: {fileID: 0}
    - target: {fileID: 495980, guid: 8c0e271bcb4308142a1ea3aeb8cc2a6f, type: 3}
      propertyPath: m_LocalEulerAnglesHint.x
      value: 0
      objectReference: {fileID: 0}
    - target: {fileID: 495980, guid: 8c0e271bcb4308142a1ea3aeb8cc2a6f, type: 3}
      propertyPath: m_LocalEulerAnglesHint.y
      value: 0
      objectReference: {fileID: 0}
    - target: {fileID: 495980, guid: 8c0e271bcb4308142a1ea3aeb8cc2a6f, type: 3}
      propertyPath: m_LocalEulerAnglesHint.z
      value: 0
      objectReference: {fileID: 0}
    m_RemovedComponents: []
  m_SourcePrefab: {fileID: 100100000, guid: 8c0e271bcb4308142a1ea3aeb8cc2a6f, type: 3}
--- !u!4 &7778544559731484937 stripped
Transform:
  m_CorrespondingSourceObject: {fileID: 495980, guid: 8c0e271bcb4308142a1ea3aeb8cc2a6f,
    type: 3}
  m_PrefabInstance: {fileID: 7778544559730997349}
  m_PrefabAsset: {fileID: 0}
--- !u!1001 &8069594507043345233
PrefabInstance:
  m_ObjectHideFlags: 0
  serializedVersion: 2
  m_Modification:
    m_TransformParent: {fileID: 7064475903770973240}
    m_Modifications:
    - target: {fileID: 100000, guid: 5d57ee30a55555148a797c1b18ed48b5, type: 3}
      propertyPath: m_Name
      value: fi_vil_container_crate_big_fruit02
      objectReference: {fileID: 0}
    - target: {fileID: 400000, guid: 5d57ee30a55555148a797c1b18ed48b5, type: 3}
      propertyPath: m_LocalPosition.x
      value: 0.743
      objectReference: {fileID: 0}
    - target: {fileID: 400000, guid: 5d57ee30a55555148a797c1b18ed48b5, type: 3}
      propertyPath: m_LocalPosition.y
      value: 3.1
      objectReference: {fileID: 0}
    - target: {fileID: 400000, guid: 5d57ee30a55555148a797c1b18ed48b5, type: 3}
      propertyPath: m_LocalPosition.z
      value: -0.445
      objectReference: {fileID: 0}
    - target: {fileID: 400000, guid: 5d57ee30a55555148a797c1b18ed48b5, type: 3}
      propertyPath: m_LocalRotation.x
      value: -0
      objectReference: {fileID: 0}
    - target: {fileID: 400000, guid: 5d57ee30a55555148a797c1b18ed48b5, type: 3}
      propertyPath: m_LocalRotation.y
      value: 0.9905438
      objectReference: {fileID: 0}
    - target: {fileID: 400000, guid: 5d57ee30a55555148a797c1b18ed48b5, type: 3}
      propertyPath: m_LocalRotation.z
      value: -0
      objectReference: {fileID: 0}
    - target: {fileID: 400000, guid: 5d57ee30a55555148a797c1b18ed48b5, type: 3}
      propertyPath: m_LocalRotation.w
      value: -0.13719729
      objectReference: {fileID: 0}
    - target: {fileID: 400000, guid: 5d57ee30a55555148a797c1b18ed48b5, type: 3}
      propertyPath: m_RootOrder
      value: 8
      objectReference: {fileID: 0}
    - target: {fileID: 400000, guid: 5d57ee30a55555148a797c1b18ed48b5, type: 3}
      propertyPath: m_LocalEulerAnglesHint.x
      value: 0
      objectReference: {fileID: 0}
    - target: {fileID: 400000, guid: 5d57ee30a55555148a797c1b18ed48b5, type: 3}
      propertyPath: m_LocalEulerAnglesHint.y
      value: 195.771
      objectReference: {fileID: 0}
    - target: {fileID: 400000, guid: 5d57ee30a55555148a797c1b18ed48b5, type: 3}
      propertyPath: m_LocalEulerAnglesHint.z
      value: 0
      objectReference: {fileID: 0}
    m_RemovedComponents: []
  m_SourcePrefab: {fileID: 100100000, guid: 5d57ee30a55555148a797c1b18ed48b5, type: 3}
--- !u!4 &8069594507043473873 stripped
Transform:
  m_CorrespondingSourceObject: {fileID: 400000, guid: 5d57ee30a55555148a797c1b18ed48b5,
    type: 3}
  m_PrefabInstance: {fileID: 8069594507043345233}
  m_PrefabAsset: {fileID: 0}
--- !u!1001 &8262054430742981950
PrefabInstance:
  m_ObjectHideFlags: 0
  serializedVersion: 2
  m_Modification:
    m_TransformParent: {fileID: 3149116728221166818}
    m_Modifications:
    - target: {fileID: 100000, guid: c750c99a2fdd5204aad4b4567e8f8d2c, type: 3}
      propertyPath: m_Name
      value: fi_vil_deck_1,0mX2,0m_worn
      objectReference: {fileID: 0}
    - target: {fileID: 400000, guid: c750c99a2fdd5204aad4b4567e8f8d2c, type: 3}
      propertyPath: m_LocalPosition.x
      value: 0.67
      objectReference: {fileID: 0}
    - target: {fileID: 400000, guid: c750c99a2fdd5204aad4b4567e8f8d2c, type: 3}
      propertyPath: m_LocalPosition.y
      value: 1.5
      objectReference: {fileID: 0}
    - target: {fileID: 400000, guid: c750c99a2fdd5204aad4b4567e8f8d2c, type: 3}
      propertyPath: m_LocalPosition.z
      value: -1
      objectReference: {fileID: 0}
    - target: {fileID: 400000, guid: c750c99a2fdd5204aad4b4567e8f8d2c, type: 3}
      propertyPath: m_LocalRotation.x
      value: -0
      objectReference: {fileID: 0}
    - target: {fileID: 400000, guid: c750c99a2fdd5204aad4b4567e8f8d2c, type: 3}
      propertyPath: m_LocalRotation.y
      value: -0
      objectReference: {fileID: 0}
    - target: {fileID: 400000, guid: c750c99a2fdd5204aad4b4567e8f8d2c, type: 3}
      propertyPath: m_LocalRotation.z
      value: -0
      objectReference: {fileID: 0}
    - target: {fileID: 400000, guid: c750c99a2fdd5204aad4b4567e8f8d2c, type: 3}
      propertyPath: m_LocalRotation.w
      value: 1
      objectReference: {fileID: 0}
    - target: {fileID: 400000, guid: c750c99a2fdd5204aad4b4567e8f8d2c, type: 3}
      propertyPath: m_RootOrder
      value: 3
      objectReference: {fileID: 0}
    - target: {fileID: 400000, guid: c750c99a2fdd5204aad4b4567e8f8d2c, type: 3}
      propertyPath: m_LocalEulerAnglesHint.x
      value: 0
      objectReference: {fileID: 0}
    - target: {fileID: 400000, guid: c750c99a2fdd5204aad4b4567e8f8d2c, type: 3}
      propertyPath: m_LocalEulerAnglesHint.y
      value: 0
      objectReference: {fileID: 0}
    - target: {fileID: 400000, guid: c750c99a2fdd5204aad4b4567e8f8d2c, type: 3}
      propertyPath: m_LocalEulerAnglesHint.z
      value: 0
      objectReference: {fileID: 0}
    m_RemovedComponents: []
  m_SourcePrefab: {fileID: 100100000, guid: c750c99a2fdd5204aad4b4567e8f8d2c, type: 3}
--- !u!4 &8262054430743377854 stripped
Transform:
  m_CorrespondingSourceObject: {fileID: 400000, guid: c750c99a2fdd5204aad4b4567e8f8d2c,
    type: 3}
  m_PrefabInstance: {fileID: 8262054430742981950}
  m_PrefabAsset: {fileID: 0}
--- !u!1001 &8305496223060165074
PrefabInstance:
  m_ObjectHideFlags: 0
  serializedVersion: 2
  m_Modification:
    m_TransformParent: {fileID: 7064475903770973240}
    m_Modifications:
    - target: {fileID: 100000, guid: 75f0cd54c776bb14a80e6061c44a4a16, type: 3}
      propertyPath: m_Name
      value: fi_vil_container_bag01_02
      objectReference: {fileID: 0}
    - target: {fileID: 400000, guid: 75f0cd54c776bb14a80e6061c44a4a16, type: 3}
      propertyPath: m_LocalPosition.x
      value: 0.979
      objectReference: {fileID: 0}
    - target: {fileID: 400000, guid: 75f0cd54c776bb14a80e6061c44a4a16, type: 3}
      propertyPath: m_LocalPosition.y
      value: 3.1
      objectReference: {fileID: 0}
    - target: {fileID: 400000, guid: 75f0cd54c776bb14a80e6061c44a4a16, type: 3}
      propertyPath: m_LocalPosition.z
      value: 0.663
      objectReference: {fileID: 0}
    - target: {fileID: 400000, guid: 75f0cd54c776bb14a80e6061c44a4a16, type: 3}
      propertyPath: m_LocalRotation.x
      value: -0
      objectReference: {fileID: 0}
    - target: {fileID: 400000, guid: 75f0cd54c776bb14a80e6061c44a4a16, type: 3}
      propertyPath: m_LocalRotation.y
      value: -0.86602443
      objectReference: {fileID: 0}
    - target: {fileID: 400000, guid: 75f0cd54c776bb14a80e6061c44a4a16, type: 3}
      propertyPath: m_LocalRotation.z
      value: -0
      objectReference: {fileID: 0}
    - target: {fileID: 400000, guid: 75f0cd54c776bb14a80e6061c44a4a16, type: 3}
      propertyPath: m_LocalRotation.w
      value: 0.5000018
      objectReference: {fileID: 0}
    - target: {fileID: 400000, guid: 75f0cd54c776bb14a80e6061c44a4a16, type: 3}
      propertyPath: m_RootOrder
      value: 4
      objectReference: {fileID: 0}
    - target: {fileID: 400000, guid: 75f0cd54c776bb14a80e6061c44a4a16, type: 3}
      propertyPath: m_LocalEulerAnglesHint.x
      value: 0
      objectReference: {fileID: 0}
    - target: {fileID: 400000, guid: 75f0cd54c776bb14a80e6061c44a4a16, type: 3}
      propertyPath: m_LocalEulerAnglesHint.y
      value: -120.00001
      objectReference: {fileID: 0}
    - target: {fileID: 400000, guid: 75f0cd54c776bb14a80e6061c44a4a16, type: 3}
      propertyPath: m_LocalEulerAnglesHint.z
      value: 0
      objectReference: {fileID: 0}
    m_RemovedComponents: []
  m_SourcePrefab: {fileID: 100100000, guid: 75f0cd54c776bb14a80e6061c44a4a16, type: 3}
--- !u!4 &8305496223060564818 stripped
Transform:
  m_CorrespondingSourceObject: {fileID: 400000, guid: 75f0cd54c776bb14a80e6061c44a4a16,
    type: 3}
  m_PrefabInstance: {fileID: 8305496223060165074}
  m_PrefabAsset: {fileID: 0}
--- !u!1001 &8574791227220610865
PrefabInstance:
  m_ObjectHideFlags: 0
  serializedVersion: 2
  m_Modification:
    m_TransformParent: {fileID: 7064475903770973240}
    m_Modifications:
    - target: {fileID: 100000, guid: 0c7bf98bc277f66489b39d9156e92ba3, type: 3}
      propertyPath: m_Name
      value: fi_vil_container_sack02x3a
      objectReference: {fileID: 0}
    - target: {fileID: 400000, guid: 0c7bf98bc277f66489b39d9156e92ba3, type: 3}
      propertyPath: m_LocalPosition.x
      value: 0.526
      objectReference: {fileID: 0}
    - target: {fileID: 400000, guid: 0c7bf98bc277f66489b39d9156e92ba3, type: 3}
      propertyPath: m_LocalPosition.y
      value: 3.1
      objectReference: {fileID: 0}
    - target: {fileID: 400000, guid: 0c7bf98bc277f66489b39d9156e92ba3, type: 3}
      propertyPath: m_LocalPosition.z
      value: 0.474
      objectReference: {fileID: 0}
    - target: {fileID: 400000, guid: 0c7bf98bc277f66489b39d9156e92ba3, type: 3}
      propertyPath: m_LocalRotation.x
      value: -0
      objectReference: {fileID: 0}
    - target: {fileID: 400000, guid: 0c7bf98bc277f66489b39d9156e92ba3, type: 3}
      propertyPath: m_LocalRotation.y
      value: 0.6502004
      objectReference: {fileID: 0}
    - target: {fileID: 400000, guid: 0c7bf98bc277f66489b39d9156e92ba3, type: 3}
      propertyPath: m_LocalRotation.z
      value: -0
      objectReference: {fileID: 0}
    - target: {fileID: 400000, guid: 0c7bf98bc277f66489b39d9156e92ba3, type: 3}
      propertyPath: m_LocalRotation.w
      value: 0.75976276
      objectReference: {fileID: 0}
    - target: {fileID: 400000, guid: 0c7bf98bc277f66489b39d9156e92ba3, type: 3}
      propertyPath: m_RootOrder
      value: 7
      objectReference: {fileID: 0}
    - target: {fileID: 400000, guid: 0c7bf98bc277f66489b39d9156e92ba3, type: 3}
      propertyPath: m_LocalEulerAnglesHint.x
      value: 0
      objectReference: {fileID: 0}
    - target: {fileID: 400000, guid: 0c7bf98bc277f66489b39d9156e92ba3, type: 3}
      propertyPath: m_LocalEulerAnglesHint.y
      value: 81.11301
      objectReference: {fileID: 0}
    - target: {fileID: 400000, guid: 0c7bf98bc277f66489b39d9156e92ba3, type: 3}
      propertyPath: m_LocalEulerAnglesHint.z
      value: 0
      objectReference: {fileID: 0}
    m_RemovedComponents: []
  m_SourcePrefab: {fileID: 100100000, guid: 0c7bf98bc277f66489b39d9156e92ba3, type: 3}
--- !u!4 &8574791227220219313 stripped
Transform:
  m_CorrespondingSourceObject: {fileID: 400000, guid: 0c7bf98bc277f66489b39d9156e92ba3,
    type: 3}
  m_PrefabInstance: {fileID: 8574791227220610865}
  m_PrefabAsset: {fileID: 0}
--- !u!1001 &8691811384021026374
PrefabInstance:
  m_ObjectHideFlags: 0
  serializedVersion: 2
  m_Modification:
    m_TransformParent: {fileID: 7064475903770973240}
    m_Modifications:
    - target: {fileID: 165710, guid: 6e7b1df03676c5a4aa1c0442f79f9955, type: 3}
      propertyPath: m_Name
      value: fe_vil_barrel_L4d
      objectReference: {fileID: 0}
    - target: {fileID: 491896, guid: 6e7b1df03676c5a4aa1c0442f79f9955, type: 3}
      propertyPath: m_LocalPosition.x
      value: 0.821
      objectReference: {fileID: 0}
    - target: {fileID: 491896, guid: 6e7b1df03676c5a4aa1c0442f79f9955, type: 3}
      propertyPath: m_LocalPosition.y
      value: 0
      objectReference: {fileID: 0}
    - target: {fileID: 491896, guid: 6e7b1df03676c5a4aa1c0442f79f9955, type: 3}
      propertyPath: m_LocalPosition.z
      value: -0.735
      objectReference: {fileID: 0}
    - target: {fileID: 491896, guid: 6e7b1df03676c5a4aa1c0442f79f9955, type: 3}
      propertyPath: m_LocalRotation.x
      value: -0
      objectReference: {fileID: 0}
    - target: {fileID: 491896, guid: 6e7b1df03676c5a4aa1c0442f79f9955, type: 3}
      propertyPath: m_LocalRotation.y
      value: -0
      objectReference: {fileID: 0}
    - target: {fileID: 491896, guid: 6e7b1df03676c5a4aa1c0442f79f9955, type: 3}
      propertyPath: m_LocalRotation.z
      value: -0
      objectReference: {fileID: 0}
    - target: {fileID: 491896, guid: 6e7b1df03676c5a4aa1c0442f79f9955, type: 3}
      propertyPath: m_LocalRotation.w
      value: 1
      objectReference: {fileID: 0}
    - target: {fileID: 491896, guid: 6e7b1df03676c5a4aa1c0442f79f9955, type: 3}
      propertyPath: m_RootOrder
      value: 3
      objectReference: {fileID: 0}
    - target: {fileID: 491896, guid: 6e7b1df03676c5a4aa1c0442f79f9955, type: 3}
      propertyPath: m_LocalEulerAnglesHint.x
      value: 0
      objectReference: {fileID: 0}
    - target: {fileID: 491896, guid: 6e7b1df03676c5a4aa1c0442f79f9955, type: 3}
      propertyPath: m_LocalEulerAnglesHint.y
      value: 0
      objectReference: {fileID: 0}
    - target: {fileID: 491896, guid: 6e7b1df03676c5a4aa1c0442f79f9955, type: 3}
      propertyPath: m_LocalEulerAnglesHint.z
      value: 0
      objectReference: {fileID: 0}
    m_RemovedComponents: []
  m_SourcePrefab: {fileID: 100100000, guid: 6e7b1df03676c5a4aa1c0442f79f9955, type: 3}
--- !u!4 &8691811384020862782 stripped
Transform:
  m_CorrespondingSourceObject: {fileID: 491896, guid: 6e7b1df03676c5a4aa1c0442f79f9955,
    type: 3}
  m_PrefabInstance: {fileID: 8691811384021026374}
  m_PrefabAsset: {fileID: 0}
--- !u!1001 &8742801169866020932
PrefabInstance:
  m_ObjectHideFlags: 0
  serializedVersion: 2
  m_Modification:
    m_TransformParent: {fileID: 7064475903770973240}
    m_Modifications:
    - target: {fileID: 114726, guid: 7a39cf4cc605b5e4eb31c9122bf0a6e7, type: 3}
      propertyPath: m_Name
      value: fe_vil_wagons_brokenwag_wheel02lean
      objectReference: {fileID: 0}
    - target: {fileID: 434080, guid: 7a39cf4cc605b5e4eb31c9122bf0a6e7, type: 3}
      propertyPath: m_LocalPosition.x
      value: 1.607
      objectReference: {fileID: 0}
    - target: {fileID: 434080, guid: 7a39cf4cc605b5e4eb31c9122bf0a6e7, type: 3}
      propertyPath: m_LocalPosition.y
      value: 0
      objectReference: {fileID: 0}
    - target: {fileID: 434080, guid: 7a39cf4cc605b5e4eb31c9122bf0a6e7, type: 3}
      propertyPath: m_LocalPosition.z
      value: 1.77
      objectReference: {fileID: 0}
    - target: {fileID: 434080, guid: 7a39cf4cc605b5e4eb31c9122bf0a6e7, type: 3}
      propertyPath: m_LocalRotation.x
      value: -0
      objectReference: {fileID: 0}
    - target: {fileID: 434080, guid: 7a39cf4cc605b5e4eb31c9122bf0a6e7, type: 3}
      propertyPath: m_LocalRotation.y
      value: -0
      objectReference: {fileID: 0}
    - target: {fileID: 434080, guid: 7a39cf4cc605b5e4eb31c9122bf0a6e7, type: 3}
      propertyPath: m_LocalRotation.z
      value: -0
      objectReference: {fileID: 0}
    - target: {fileID: 434080, guid: 7a39cf4cc605b5e4eb31c9122bf0a6e7, type: 3}
      propertyPath: m_LocalRotation.w
      value: 1
      objectReference: {fileID: 0}
    - target: {fileID: 434080, guid: 7a39cf4cc605b5e4eb31c9122bf0a6e7, type: 3}
      propertyPath: m_RootOrder
      value: 13
      objectReference: {fileID: 0}
    - target: {fileID: 434080, guid: 7a39cf4cc605b5e4eb31c9122bf0a6e7, type: 3}
      propertyPath: m_LocalEulerAnglesHint.x
      value: 0
      objectReference: {fileID: 0}
    - target: {fileID: 434080, guid: 7a39cf4cc605b5e4eb31c9122bf0a6e7, type: 3}
      propertyPath: m_LocalEulerAnglesHint.y
      value: 0
      objectReference: {fileID: 0}
    - target: {fileID: 434080, guid: 7a39cf4cc605b5e4eb31c9122bf0a6e7, type: 3}
      propertyPath: m_LocalEulerAnglesHint.z
      value: 0
      objectReference: {fileID: 0}
    m_RemovedComponents: []
  m_SourcePrefab: {fileID: 100100000, guid: 7a39cf4cc605b5e4eb31c9122bf0a6e7, type: 3}
--- !u!4 &8742801169866115044 stripped
Transform:
  m_CorrespondingSourceObject: {fileID: 434080, guid: 7a39cf4cc605b5e4eb31c9122bf0a6e7,
    type: 3}
  m_PrefabInstance: {fileID: 8742801169866020932}
  m_PrefabAsset: {fileID: 0}
--- !u!1001 &9142745205029589246
PrefabInstance:
  m_ObjectHideFlags: 0
  serializedVersion: 2
  m_Modification:
    m_TransformParent: {fileID: 7064475903770973240}
    m_Modifications:
    - target: {fileID: 100000, guid: 990dfdc0273fc324daa3afc755f28fa1, type: 3}
      propertyPath: m_Name
      value: fi_vil_container_bag01_01
      objectReference: {fileID: 0}
    - target: {fileID: 400000, guid: 990dfdc0273fc324daa3afc755f28fa1, type: 3}
      propertyPath: m_LocalPosition.x
      value: 0.968
      objectReference: {fileID: 0}
    - target: {fileID: 400000, guid: 990dfdc0273fc324daa3afc755f28fa1, type: 3}
      propertyPath: m_LocalPosition.y
      value: 3.1
      objectReference: {fileID: 0}
    - target: {fileID: 400000, guid: 990dfdc0273fc324daa3afc755f28fa1, type: 3}
      propertyPath: m_LocalPosition.z
      value: 0.2729
      objectReference: {fileID: 0}
    - target: {fileID: 400000, guid: 990dfdc0273fc324daa3afc755f28fa1, type: 3}
      propertyPath: m_LocalRotation.x
      value: -0
      objectReference: {fileID: 0}
    - target: {fileID: 400000, guid: 990dfdc0273fc324daa3afc755f28fa1, type: 3}
      propertyPath: m_LocalRotation.y
      value: 0.64314437
      objectReference: {fileID: 0}
    - target: {fileID: 400000, guid: 990dfdc0273fc324daa3afc755f28fa1, type: 3}
      propertyPath: m_LocalRotation.z
      value: -0
      objectReference: {fileID: 0}
    - target: {fileID: 400000, guid: 990dfdc0273fc324daa3afc755f28fa1, type: 3}
      propertyPath: m_LocalRotation.w
      value: 0.7657449
      objectReference: {fileID: 0}
    - target: {fileID: 400000, guid: 990dfdc0273fc324daa3afc755f28fa1, type: 3}
      propertyPath: m_RootOrder
      value: 5
      objectReference: {fileID: 0}
    - target: {fileID: 400000, guid: 990dfdc0273fc324daa3afc755f28fa1, type: 3}
      propertyPath: m_LocalEulerAnglesHint.x
      value: 0
      objectReference: {fileID: 0}
    - target: {fileID: 400000, guid: 990dfdc0273fc324daa3afc755f28fa1, type: 3}
      propertyPath: m_LocalEulerAnglesHint.y
      value: 80.053
      objectReference: {fileID: 0}
    - target: {fileID: 400000, guid: 990dfdc0273fc324daa3afc755f28fa1, type: 3}
      propertyPath: m_LocalEulerAnglesHint.z
      value: 0
      objectReference: {fileID: 0}
    m_RemovedComponents: []
  m_SourcePrefab: {fileID: 100100000, guid: 990dfdc0273fc324daa3afc755f28fa1, type: 3}
--- !u!4 &9142745205029980798 stripped
Transform:
  m_CorrespondingSourceObject: {fileID: 400000, guid: 990dfdc0273fc324daa3afc755f28fa1,
    type: 3}
  m_PrefabInstance: {fileID: 9142745205029589246}
  m_PrefabAsset: {fileID: 0}
