%YAML 1.1
%TAG !u! tag:unity3d.com,2011:
--- !u!1 &4503975350755978875
GameObject:
  m_ObjectHideFlags: 0
  m_CorrespondingSourceObject: {fileID: 0}
  m_PrefabInstance: {fileID: 0}
  m_PrefabAsset: {fileID: 0}
  serializedVersion: 6
  m_Component:
  - component: {fileID: 3526236504324971099}
  m_Layer: 0
  m_Name: Props
  m_TagString: Untagged
  m_Icon: {fileID: 0}
  m_NavMeshLayer: 0
  m_StaticEditorFlags: 0
  m_IsActive: 1
--- !u!4 &3526236504324971099
Transform:
  m_ObjectHideFlags: 0
  m_CorrespondingSourceObject: {fileID: 0}
  m_PrefabInstance: {fileID: 0}
  m_PrefabAsset: {fileID: 0}
  m_GameObject: {fileID: 4503975350755978875}
  m_LocalRotation: {x: -0, y: -0, z: -0, w: 1}
  m_LocalPosition: {x: 0, y: 0, z: 5.7}
  m_LocalScale: {x: 1, y: 1, z: 1}
  m_Children:
  - {fileID: 5487661808545616590}
  - {fileID: 54822500903207953}
  - {fileID: 2310600493737165468}
  - {fileID: 4179285269831842999}
  - {fileID: 4926914980006399037}
  - {fileID: 4793292892375711812}
  - {fileID: 7048113503155155737}
  - {fileID: 1714088841812164031}
  - {fileID: 5734481024964174422}
  - {fileID: 5365418843514864556}
  - {fileID: 2800760629926051825}
  - {fileID: 5463967352483784948}
  - {fileID: 4741153276366082989}
  - {fileID: 3112408079843640872}
  - {fileID: 1576011040866799878}
  - {fileID: 3213160614373171880}
  - {fileID: 7792528298732260362}
  - {fileID: 7719040601781126738}
  - {fileID: 8928397255772282008}
  - {fileID: 5493139781765377681}
  - {fileID: 3038352953411196371}
  - {fileID: 6526873671473702033}
  - {fileID: 247874703824460381}
  - {fileID: 3225577200290820091}
  - {fileID: 3790694980907273280}
  - {fileID: 8956204328712936812}
  - {fileID: 7078407710205869083}
  - {fileID: 2085717670214420396}
  m_Father: {fileID: 5072046398316782206}
  m_RootOrder: 0
  m_LocalEulerAnglesHint: {x: 0, y: 0, z: 0}
--- !u!1 &8554849280560581913
GameObject:
  m_ObjectHideFlags: 0
  m_CorrespondingSourceObject: {fileID: 0}
  m_PrefabInstance: {fileID: 0}
  m_PrefabAsset: {fileID: 0}
  serializedVersion: 6
  m_Component:
  - component: {fileID: 5072046398316782206}
  m_Layer: 0
  m_Name: WStorage07
  m_TagString: Untagged
  m_Icon: {fileID: 0}
  m_NavMeshLayer: 0
  m_StaticEditorFlags: 0
  m_IsActive: 1
--- !u!4 &5072046398316782206
Transform:
  m_ObjectHideFlags: 0
  m_CorrespondingSourceObject: {fileID: 0}
  m_PrefabInstance: {fileID: 0}
  m_PrefabAsset: {fileID: 0}
  m_GameObject: {fileID: 8554849280560581913}
  m_LocalRotation: {x: -0, y: -0, z: -0, w: 1}
  m_LocalPosition: {x: 0, y: 0, z: 0}
  m_LocalScale: {x: 1, y: 1, z: 1}
  m_Children:
  - {fileID: 3526236504324971099}
  - {fileID: 2058719229203753798}
  - {fileID: 3402941742085511316}
  - {fileID: 3211655831782391551}
  - {fileID: 6919054085308449342}
  - {fileID: 1445963342520292638}
  m_Father: {fileID: 0}
  m_RootOrder: 0
  m_LocalEulerAnglesHint: {x: 0, y: 0, z: 0}
--- !u!1001 &54822500903607953
PrefabInstance:
  m_ObjectHideFlags: 0
  serializedVersion: 2
  m_Modification:
    m_TransformParent: {fileID: 3526236504324971099}
    m_Modifications:
    - target: {fileID: 100000, guid: 9aa4368164fe99742b9f1914fa964ce1, type: 3}
      propertyPath: m_Name
      value: fi_vil_container_basket04_closed
      objectReference: {fileID: 0}
    - target: {fileID: 400000, guid: 9aa4368164fe99742b9f1914fa964ce1, type: 3}
      propertyPath: m_LocalPosition.x
      value: 1.776
      objectReference: {fileID: 0}
    - target: {fileID: 400000, guid: 9aa4368164fe99742b9f1914fa964ce1, type: 3}
      propertyPath: m_LocalPosition.y
      value: 3.1
      objectReference: {fileID: 0}
    - target: {fileID: 400000, guid: 9aa4368164fe99742b9f1914fa964ce1, type: 3}
      propertyPath: m_LocalPosition.z
      value: -6.064
      objectReference: {fileID: 0}
    - target: {fileID: 400000, guid: 9aa4368164fe99742b9f1914fa964ce1, type: 3}
      propertyPath: m_LocalRotation.x
      value: -0
      objectReference: {fileID: 0}
    - target: {fileID: 400000, guid: 9aa4368164fe99742b9f1914fa964ce1, type: 3}
      propertyPath: m_LocalRotation.y
      value: -0.48195738
      objectReference: {fileID: 0}
    - target: {fileID: 400000, guid: 9aa4368164fe99742b9f1914fa964ce1, type: 3}
      propertyPath: m_LocalRotation.z
      value: -0
      objectReference: {fileID: 0}
    - target: {fileID: 400000, guid: 9aa4368164fe99742b9f1914fa964ce1, type: 3}
      propertyPath: m_LocalRotation.w
      value: 0.8761947
      objectReference: {fileID: 0}
    - target: {fileID: 400000, guid: 9aa4368164fe99742b9f1914fa964ce1, type: 3}
      propertyPath: m_RootOrder
      value: 1
      objectReference: {fileID: 0}
    - target: {fileID: 400000, guid: 9aa4368164fe99742b9f1914fa964ce1, type: 3}
      propertyPath: m_LocalEulerAnglesHint.x
      value: 0
      objectReference: {fileID: 0}
    - target: {fileID: 400000, guid: 9aa4368164fe99742b9f1914fa964ce1, type: 3}
      propertyPath: m_LocalEulerAnglesHint.y
      value: -57.627003
      objectReference: {fileID: 0}
    - target: {fileID: 400000, guid: 9aa4368164fe99742b9f1914fa964ce1, type: 3}
      propertyPath: m_LocalEulerAnglesHint.z
      value: 0
      objectReference: {fileID: 0}
    m_RemovedComponents: []
  m_SourcePrefab: {fileID: 100100000, guid: 9aa4368164fe99742b9f1914fa964ce1, type: 3}
--- !u!4 &54822500903207953 stripped
Transform:
  m_CorrespondingSourceObject: {fileID: 400000, guid: 9aa4368164fe99742b9f1914fa964ce1,
    type: 3}
  m_PrefabInstance: {fileID: 54822500903607953}
  m_PrefabAsset: {fileID: 0}
--- !u!1001 &247874703824641703
PrefabInstance:
  m_ObjectHideFlags: 0
  serializedVersion: 2
  m_Modification:
    m_TransformParent: {fileID: 3526236504324971099}
    m_Modifications:
    - target: {fileID: 165204, guid: 0cdfbdae79e627f4989df2339e429762, type: 3}
      propertyPath: m_Name
      value: fe_vil_crate_05f
      objectReference: {fileID: 0}
    - target: {fileID: 443642, guid: 0cdfbdae79e627f4989df2339e429762, type: 3}
      propertyPath: m_LocalPosition.x
      value: 2.563
      objectReference: {fileID: 0}
    - target: {fileID: 443642, guid: 0cdfbdae79e627f4989df2339e429762, type: 3}
      propertyPath: m_LocalPosition.y
      value: 0
      objectReference: {fileID: 0}
    - target: {fileID: 443642, guid: 0cdfbdae79e627f4989df2339e429762, type: 3}
      propertyPath: m_LocalPosition.z
      value: -5.122
      objectReference: {fileID: 0}
    - target: {fileID: 443642, guid: 0cdfbdae79e627f4989df2339e429762, type: 3}
      propertyPath: m_LocalRotation.x
      value: -0
      objectReference: {fileID: 0}
    - target: {fileID: 443642, guid: 0cdfbdae79e627f4989df2339e429762, type: 3}
      propertyPath: m_LocalRotation.y
      value: 0.8100033
      objectReference: {fileID: 0}
    - target: {fileID: 443642, guid: 0cdfbdae79e627f4989df2339e429762, type: 3}
      propertyPath: m_LocalRotation.z
      value: -0
      objectReference: {fileID: 0}
    - target: {fileID: 443642, guid: 0cdfbdae79e627f4989df2339e429762, type: 3}
      propertyPath: m_LocalRotation.w
      value: 0.58642536
      objectReference: {fileID: 0}
    - target: {fileID: 443642, guid: 0cdfbdae79e627f4989df2339e429762, type: 3}
      propertyPath: m_RootOrder
      value: 22
      objectReference: {fileID: 0}
    - target: {fileID: 443642, guid: 0cdfbdae79e627f4989df2339e429762, type: 3}
      propertyPath: m_LocalEulerAnglesHint.x
      value: 0
      objectReference: {fileID: 0}
    - target: {fileID: 443642, guid: 0cdfbdae79e627f4989df2339e429762, type: 3}
      propertyPath: m_LocalEulerAnglesHint.y
      value: 108.192
      objectReference: {fileID: 0}
    - target: {fileID: 443642, guid: 0cdfbdae79e627f4989df2339e429762, type: 3}
      propertyPath: m_LocalEulerAnglesHint.z
      value: 0
      objectReference: {fileID: 0}
    m_RemovedComponents: []
  m_SourcePrefab: {fileID: 100100000, guid: 0cdfbdae79e627f4989df2339e429762, type: 3}
--- !u!4 &247874703824460381 stripped
Transform:
  m_CorrespondingSourceObject: {fileID: 443642, guid: 0cdfbdae79e627f4989df2339e429762,
    type: 3}
  m_PrefabInstance: {fileID: 247874703824641703}
  m_PrefabAsset: {fileID: 0}
--- !u!1001 &1445963342520684446
PrefabInstance:
  m_ObjectHideFlags: 0
  serializedVersion: 2
  m_Modification:
    m_TransformParent: {fileID: 5072046398316782206}
    m_Modifications:
    - target: {fileID: 100000, guid: 1d4a84a5d94e6d440b44d6af3164f275, type: 3}
      propertyPath: m_Name
      value: fi_vil_deck_2,0mX4,0m_worn
      objectReference: {fileID: 0}
    - target: {fileID: 400000, guid: 1d4a84a5d94e6d440b44d6af3164f275, type: 3}
      propertyPath: m_LocalPosition.x
      value: 2.14
      objectReference: {fileID: 0}
    - target: {fileID: 400000, guid: 1d4a84a5d94e6d440b44d6af3164f275, type: 3}
      propertyPath: m_LocalPosition.y
      value: 1.5
      objectReference: {fileID: 0}
    - target: {fileID: 400000, guid: 1d4a84a5d94e6d440b44d6af3164f275, type: 3}
      propertyPath: m_LocalPosition.z
      value: 0.0007498264
      objectReference: {fileID: 0}
    - target: {fileID: 400000, guid: 1d4a84a5d94e6d440b44d6af3164f275, type: 3}
      propertyPath: m_LocalRotation.x
      value: -0
      objectReference: {fileID: 0}
    - target: {fileID: 400000, guid: 1d4a84a5d94e6d440b44d6af3164f275, type: 3}
      propertyPath: m_LocalRotation.y
      value: 0.7071068
      objectReference: {fileID: 0}
    - target: {fileID: 400000, guid: 1d4a84a5d94e6d440b44d6af3164f275, type: 3}
      propertyPath: m_LocalRotation.z
      value: -0
      objectReference: {fileID: 0}
    - target: {fileID: 400000, guid: 1d4a84a5d94e6d440b44d6af3164f275, type: 3}
      propertyPath: m_LocalRotation.w
      value: 0.7071068
      objectReference: {fileID: 0}
    - target: {fileID: 400000, guid: 1d4a84a5d94e6d440b44d6af3164f275, type: 3}
      propertyPath: m_RootOrder
      value: 5
      objectReference: {fileID: 0}
    - target: {fileID: 400000, guid: 1d4a84a5d94e6d440b44d6af3164f275, type: 3}
      propertyPath: m_LocalEulerAnglesHint.x
      value: 0
      objectReference: {fileID: 0}
    - target: {fileID: 400000, guid: 1d4a84a5d94e6d440b44d6af3164f275, type: 3}
      propertyPath: m_LocalEulerAnglesHint.y
      value: 90
      objectReference: {fileID: 0}
    - target: {fileID: 400000, guid: 1d4a84a5d94e6d440b44d6af3164f275, type: 3}
      propertyPath: m_LocalEulerAnglesHint.z
      value: 0
      objectReference: {fileID: 0}
    m_RemovedComponents: []
  m_SourcePrefab: {fileID: 100100000, guid: 1d4a84a5d94e6d440b44d6af3164f275, type: 3}
--- !u!4 &1445963342520292638 stripped
Transform:
  m_CorrespondingSourceObject: {fileID: 400000, guid: 1d4a84a5d94e6d440b44d6af3164f275,
    type: 3}
  m_PrefabInstance: {fileID: 1445963342520684446}
  m_PrefabAsset: {fileID: 0}
--- !u!1001 &1576011040866667398
PrefabInstance:
  m_ObjectHideFlags: 0
  serializedVersion: 2
  m_Modification:
    m_TransformParent: {fileID: 3526236504324971099}
    m_Modifications:
    - target: {fileID: 100000, guid: 60ef6eb4b88ce2c41b88b7b31cb351e9, type: 3}
      propertyPath: m_Name
      value: fi_vil_container_sack02x2
      objectReference: {fileID: 0}
    - target: {fileID: 400000, guid: 60ef6eb4b88ce2c41b88b7b31cb351e9, type: 3}
      propertyPath: m_LocalPosition.x
      value: 0.637
      objectReference: {fileID: 0}
    - target: {fileID: 400000, guid: 60ef6eb4b88ce2c41b88b7b31cb351e9, type: 3}
      propertyPath: m_LocalPosition.y
      value: 1.5
      objectReference: {fileID: 0}
    - target: {fileID: 400000, guid: 60ef6eb4b88ce2c41b88b7b31cb351e9, type: 3}
      propertyPath: m_LocalPosition.z
      value: -6.095
      objectReference: {fileID: 0}
    - target: {fileID: 400000, guid: 60ef6eb4b88ce2c41b88b7b31cb351e9, type: 3}
      propertyPath: m_LocalRotation.x
      value: -0
      objectReference: {fileID: 0}
    - target: {fileID: 400000, guid: 60ef6eb4b88ce2c41b88b7b31cb351e9, type: 3}
      propertyPath: m_LocalRotation.y
      value: 0.707515
      objectReference: {fileID: 0}
    - target: {fileID: 400000, guid: 60ef6eb4b88ce2c41b88b7b31cb351e9, type: 3}
      propertyPath: m_LocalRotation.z
      value: -0
      objectReference: {fileID: 0}
    - target: {fileID: 400000, guid: 60ef6eb4b88ce2c41b88b7b31cb351e9, type: 3}
      propertyPath: m_LocalRotation.w
      value: 0.7066984
      objectReference: {fileID: 0}
    - target: {fileID: 400000, guid: 60ef6eb4b88ce2c41b88b7b31cb351e9, type: 3}
      propertyPath: m_RootOrder
      value: 14
      objectReference: {fileID: 0}
    - target: {fileID: 400000, guid: 60ef6eb4b88ce2c41b88b7b31cb351e9, type: 3}
      propertyPath: m_LocalEulerAnglesHint.x
      value: 0
      objectReference: {fileID: 0}
    - target: {fileID: 400000, guid: 60ef6eb4b88ce2c41b88b7b31cb351e9, type: 3}
      propertyPath: m_LocalEulerAnglesHint.y
      value: 90.066
      objectReference: {fileID: 0}
    - target: {fileID: 400000, guid: 60ef6eb4b88ce2c41b88b7b31cb351e9, type: 3}
      propertyPath: m_LocalEulerAnglesHint.z
      value: 0
      objectReference: {fileID: 0}
    m_RemovedComponents: []
  m_SourcePrefab: {fileID: 100100000, guid: 60ef6eb4b88ce2c41b88b7b31cb351e9, type: 3}
--- !u!4 &1576011040866799878 stripped
Transform:
  m_CorrespondingSourceObject: {fileID: 400000, guid: 60ef6eb4b88ce2c41b88b7b31cb351e9,
    type: 3}
  m_PrefabInstance: {fileID: 1576011040866667398}
  m_PrefabAsset: {fileID: 0}
--- !u!1001 &1714088841812027199
PrefabInstance:
  m_ObjectHideFlags: 0
  serializedVersion: 2
  m_Modification:
    m_TransformParent: {fileID: 3526236504324971099}
    m_Modifications:
    - target: {fileID: 100000, guid: 9d4ef1c2866da7a428d10dbad570079b, type: 3}
      propertyPath: m_Name
      value: fi_vil_container_pot06
      objectReference: {fileID: 0}
    - target: {fileID: 400000, guid: 9d4ef1c2866da7a428d10dbad570079b, type: 3}
      propertyPath: m_LocalPosition.x
      value: 2.191
      objectReference: {fileID: 0}
    - target: {fileID: 400000, guid: 9d4ef1c2866da7a428d10dbad570079b, type: 3}
      propertyPath: m_LocalPosition.y
      value: 1.5
      objectReference: {fileID: 0}
    - target: {fileID: 400000, guid: 9d4ef1c2866da7a428d10dbad570079b, type: 3}
      propertyPath: m_LocalPosition.z
      value: -6.449
      objectReference: {fileID: 0}
    - target: {fileID: 400000, guid: 9d4ef1c2866da7a428d10dbad570079b, type: 3}
      propertyPath: m_LocalRotation.x
      value: -0
      objectReference: {fileID: 0}
    - target: {fileID: 400000, guid: 9d4ef1c2866da7a428d10dbad570079b, type: 3}
      propertyPath: m_LocalRotation.y
      value: -0
      objectReference: {fileID: 0}
    - target: {fileID: 400000, guid: 9d4ef1c2866da7a428d10dbad570079b, type: 3}
      propertyPath: m_LocalRotation.z
      value: -0
      objectReference: {fileID: 0}
    - target: {fileID: 400000, guid: 9d4ef1c2866da7a428d10dbad570079b, type: 3}
      propertyPath: m_LocalRotation.w
      value: 1
      objectReference: {fileID: 0}
    - target: {fileID: 400000, guid: 9d4ef1c2866da7a428d10dbad570079b, type: 3}
      propertyPath: m_RootOrder
      value: 7
      objectReference: {fileID: 0}
    - target: {fileID: 400000, guid: 9d4ef1c2866da7a428d10dbad570079b, type: 3}
      propertyPath: m_LocalEulerAnglesHint.x
      value: 0
      objectReference: {fileID: 0}
    - target: {fileID: 400000, guid: 9d4ef1c2866da7a428d10dbad570079b, type: 3}
      propertyPath: m_LocalEulerAnglesHint.y
      value: 0
      objectReference: {fileID: 0}
    - target: {fileID: 400000, guid: 9d4ef1c2866da7a428d10dbad570079b, type: 3}
      propertyPath: m_LocalEulerAnglesHint.z
      value: 0
      objectReference: {fileID: 0}
    m_RemovedComponents: []
  m_SourcePrefab: {fileID: 100100000, guid: 9d4ef1c2866da7a428d10dbad570079b, type: 3}
--- !u!4 &1714088841812164031 stripped
Transform:
  m_CorrespondingSourceObject: {fileID: 400000, guid: 9d4ef1c2866da7a428d10dbad570079b,
    type: 3}
  m_PrefabInstance: {fileID: 1714088841812027199}
  m_PrefabAsset: {fileID: 0}
--- !u!1001 &2058719229203603300
PrefabInstance:
  m_ObjectHideFlags: 0
  serializedVersion: 2
  m_Modification:
    m_TransformParent: {fileID: 5072046398316782206}
    m_Modifications:
    - target: {fileID: 101136, guid: 583032947a53a6e489779c2443fafe79, type: 3}
      propertyPath: m_Name
      value: fe_vil_WTower_ladder01c
      objectReference: {fileID: 0}
    - target: {fileID: 455714, guid: 583032947a53a6e489779c2443fafe79, type: 3}
      propertyPath: m_LocalPosition.x
      value: 3.33
      objectReference: {fileID: 0}
    - target: {fileID: 455714, guid: 583032947a53a6e489779c2443fafe79, type: 3}
      propertyPath: m_LocalPosition.y
      value: -0.019
      objectReference: {fileID: 0}
    - target: {fileID: 455714, guid: 583032947a53a6e489779c2443fafe79, type: 3}
      propertyPath: m_LocalPosition.z
      value: -1.676
      objectReference: {fileID: 0}
    - target: {fileID: 455714, guid: 583032947a53a6e489779c2443fafe79, type: 3}
      propertyPath: m_LocalRotation.x
      value: 0.084156014
      objectReference: {fileID: 0}
    - target: {fileID: 455714, guid: 583032947a53a6e489779c2443fafe79, type: 3}
      propertyPath: m_LocalRotation.y
      value: 0.70208
      objectReference: {fileID: 0}
    - target: {fileID: 455714, guid: 583032947a53a6e489779c2443fafe79, type: 3}
      propertyPath: m_LocalRotation.z
      value: 0.084156275
      objectReference: {fileID: 0}
    - target: {fileID: 455714, guid: 583032947a53a6e489779c2443fafe79, type: 3}
      propertyPath: m_LocalRotation.w
      value: 0.70208204
      objectReference: {fileID: 0}
    - target: {fileID: 455714, guid: 583032947a53a6e489779c2443fafe79, type: 3}
      propertyPath: m_RootOrder
      value: 1
      objectReference: {fileID: 0}
    - target: {fileID: 455714, guid: 583032947a53a6e489779c2443fafe79, type: 3}
      propertyPath: m_LocalEulerAnglesHint.x
      value: 0
      objectReference: {fileID: 0}
    - target: {fileID: 455714, guid: 583032947a53a6e489779c2443fafe79, type: 3}
      propertyPath: m_LocalEulerAnglesHint.y
      value: 90.00001
      objectReference: {fileID: 0}
    - target: {fileID: 455714, guid: 583032947a53a6e489779c2443fafe79, type: 3}
      propertyPath: m_LocalEulerAnglesHint.z
      value: 13.670001
      objectReference: {fileID: 0}
    m_RemovedComponents: []
  m_SourcePrefab: {fileID: 100100000, guid: 583032947a53a6e489779c2443fafe79, type: 3}
--- !u!4 &2058719229203753798 stripped
Transform:
  m_CorrespondingSourceObject: {fileID: 455714, guid: 583032947a53a6e489779c2443fafe79,
    type: 3}
  m_PrefabInstance: {fileID: 2058719229203603300}
  m_PrefabAsset: {fileID: 0}
--- !u!1001 &2085717670214607326
PrefabInstance:
  m_ObjectHideFlags: 0
  serializedVersion: 2
  m_Modification:
    m_TransformParent: {fileID: 3526236504324971099}
    m_Modifications:
    - target: {fileID: 193746, guid: cb0a2b3069fd54b4c8d3f6155e455e27, type: 3}
      propertyPath: m_Name
      value: fe_vil_crate_04f
      objectReference: {fileID: 0}
    - target: {fileID: 484978, guid: cb0a2b3069fd54b4c8d3f6155e455e27, type: 3}
      propertyPath: m_LocalPosition.x
      value: 3.493
      objectReference: {fileID: 0}
    - target: {fileID: 484978, guid: cb0a2b3069fd54b4c8d3f6155e455e27, type: 3}
      propertyPath: m_LocalPosition.y
      value: 3.1
      objectReference: {fileID: 0}
    - target: {fileID: 484978, guid: cb0a2b3069fd54b4c8d3f6155e455e27, type: 3}
      propertyPath: m_LocalPosition.z
      value: -5.377
      objectReference: {fileID: 0}
    - target: {fileID: 484978, guid: cb0a2b3069fd54b4c8d3f6155e455e27, type: 3}
      propertyPath: m_LocalRotation.x
      value: -0
      objectReference: {fileID: 0}
    - target: {fileID: 484978, guid: cb0a2b3069fd54b4c8d3f6155e455e27, type: 3}
      propertyPath: m_LocalRotation.y
      value: -0.10682604
      objectReference: {fileID: 0}
    - target: {fileID: 484978, guid: cb0a2b3069fd54b4c8d3f6155e455e27, type: 3}
      propertyPath: m_LocalRotation.z
      value: -0
      objectReference: {fileID: 0}
    - target: {fileID: 484978, guid: cb0a2b3069fd54b4c8d3f6155e455e27, type: 3}
      propertyPath: m_LocalRotation.w
      value: 0.9942778
      objectReference: {fileID: 0}
    - target: {fileID: 484978, guid: cb0a2b3069fd54b4c8d3f6155e455e27, type: 3}
      propertyPath: m_RootOrder
      value: 27
      objectReference: {fileID: 0}
    - target: {fileID: 484978, guid: cb0a2b3069fd54b4c8d3f6155e455e27, type: 3}
      propertyPath: m_LocalEulerAnglesHint.x
      value: 0
      objectReference: {fileID: 0}
    - target: {fileID: 484978, guid: cb0a2b3069fd54b4c8d3f6155e455e27, type: 3}
      propertyPath: m_LocalEulerAnglesHint.y
      value: -12.265
      objectReference: {fileID: 0}
    - target: {fileID: 484978, guid: cb0a2b3069fd54b4c8d3f6155e455e27, type: 3}
      propertyPath: m_LocalEulerAnglesHint.z
      value: 0
      objectReference: {fileID: 0}
    m_RemovedComponents: []
  m_SourcePrefab: {fileID: 100100000, guid: cb0a2b3069fd54b4c8d3f6155e455e27, type: 3}
--- !u!4 &2085717670214420396 stripped
Transform:
  m_CorrespondingSourceObject: {fileID: 484978, guid: cb0a2b3069fd54b4c8d3f6155e455e27,
    type: 3}
  m_PrefabInstance: {fileID: 2085717670214607326}
  m_PrefabAsset: {fileID: 0}
--- !u!1001 &2310600493737302044
PrefabInstance:
  m_ObjectHideFlags: 0
  serializedVersion: 2
  m_Modification:
    m_TransformParent: {fileID: 3526236504324971099}
    m_Modifications:
    - target: {fileID: 100000, guid: 1afd0ba0c718cd845b9997caec0588bf, type: 3}
      propertyPath: m_Name
      value: fi_vil_container_basket02_closed
      objectReference: {fileID: 0}
    - target: {fileID: 400000, guid: 1afd0ba0c718cd845b9997caec0588bf, type: 3}
      propertyPath: m_LocalPosition.x
      value: 3.509
      objectReference: {fileID: 0}
    - target: {fileID: 400000, guid: 1afd0ba0c718cd845b9997caec0588bf, type: 3}
      propertyPath: m_LocalPosition.y
      value: 3.1
      objectReference: {fileID: 0}
    - target: {fileID: 400000, guid: 1afd0ba0c718cd845b9997caec0588bf, type: 3}
      propertyPath: m_LocalPosition.z
      value: -6.116
      objectReference: {fileID: 0}
    - target: {fileID: 400000, guid: 1afd0ba0c718cd845b9997caec0588bf, type: 3}
      propertyPath: m_LocalRotation.x
      value: -0
      objectReference: {fileID: 0}
    - target: {fileID: 400000, guid: 1afd0ba0c718cd845b9997caec0588bf, type: 3}
      propertyPath: m_LocalRotation.y
      value: 0.26004377
      objectReference: {fileID: 0}
    - target: {fileID: 400000, guid: 1afd0ba0c718cd845b9997caec0588bf, type: 3}
      propertyPath: m_LocalRotation.z
      value: -0
      objectReference: {fileID: 0}
    - target: {fileID: 400000, guid: 1afd0ba0c718cd845b9997caec0588bf, type: 3}
      propertyPath: m_LocalRotation.w
      value: 0.9655968
      objectReference: {fileID: 0}
    - target: {fileID: 400000, guid: 1afd0ba0c718cd845b9997caec0588bf, type: 3}
      propertyPath: m_RootOrder
      value: 2
      objectReference: {fileID: 0}
    - target: {fileID: 400000, guid: 1afd0ba0c718cd845b9997caec0588bf, type: 3}
      propertyPath: m_LocalEulerAnglesHint.x
      value: 0
      objectReference: {fileID: 0}
    - target: {fileID: 400000, guid: 1afd0ba0c718cd845b9997caec0588bf, type: 3}
      propertyPath: m_LocalEulerAnglesHint.y
      value: 30.145002
      objectReference: {fileID: 0}
    - target: {fileID: 400000, guid: 1afd0ba0c718cd845b9997caec0588bf, type: 3}
      propertyPath: m_LocalEulerAnglesHint.z
      value: 0
      objectReference: {fileID: 0}
    m_RemovedComponents: []
  m_SourcePrefab: {fileID: 100100000, guid: 1afd0ba0c718cd845b9997caec0588bf, type: 3}
--- !u!4 &2310600493737165468 stripped
Transform:
  m_CorrespondingSourceObject: {fileID: 400000, guid: 1afd0ba0c718cd845b9997caec0588bf,
    type: 3}
  m_PrefabInstance: {fileID: 2310600493737302044}
  m_PrefabAsset: {fileID: 0}
--- !u!1001 &2800760629925913969
PrefabInstance:
  m_ObjectHideFlags: 0
  serializedVersion: 2
  m_Modification:
    m_TransformParent: {fileID: 3526236504324971099}
    m_Modifications:
    - target: {fileID: 100000, guid: 990dfdc0273fc324daa3afc755f28fa1, type: 3}
      propertyPath: m_Name
      value: fi_vil_container_bag01_01
      objectReference: {fileID: 0}
    - target: {fileID: 400000, guid: 990dfdc0273fc324daa3afc755f28fa1, type: 3}
      propertyPath: m_LocalPosition.x
      value: 3.155
      objectReference: {fileID: 0}
    - target: {fileID: 400000, guid: 990dfdc0273fc324daa3afc755f28fa1, type: 3}
      propertyPath: m_LocalPosition.y
      value: 1.5
      objectReference: {fileID: 0}
    - target: {fileID: 400000, guid: 990dfdc0273fc324daa3afc755f28fa1, type: 3}
      propertyPath: m_LocalPosition.z
      value: -6.345
      objectReference: {fileID: 0}
    - target: {fileID: 400000, guid: 990dfdc0273fc324daa3afc755f28fa1, type: 3}
      propertyPath: m_LocalRotation.x
      value: -0
      objectReference: {fileID: 0}
    - target: {fileID: 400000, guid: 990dfdc0273fc324daa3afc755f28fa1, type: 3}
      propertyPath: m_LocalRotation.y
      value: 0.9344592
      objectReference: {fileID: 0}
    - target: {fileID: 400000, guid: 990dfdc0273fc324daa3afc755f28fa1, type: 3}
      propertyPath: m_LocalRotation.z
      value: -0
      objectReference: {fileID: 0}
    - target: {fileID: 400000, guid: 990dfdc0273fc324daa3afc755f28fa1, type: 3}
      propertyPath: m_LocalRotation.w
      value: 0.35607022
      objectReference: {fileID: 0}
    - target: {fileID: 400000, guid: 990dfdc0273fc324daa3afc755f28fa1, type: 3}
      propertyPath: m_RootOrder
      value: 10
      objectReference: {fileID: 0}
    - target: {fileID: 400000, guid: 990dfdc0273fc324daa3afc755f28fa1, type: 3}
      propertyPath: m_LocalEulerAnglesHint.x
      value: 0
      objectReference: {fileID: 0}
    - target: {fileID: 400000, guid: 990dfdc0273fc324daa3afc755f28fa1, type: 3}
      propertyPath: m_LocalEulerAnglesHint.y
      value: 138.28201
      objectReference: {fileID: 0}
    - target: {fileID: 400000, guid: 990dfdc0273fc324daa3afc755f28fa1, type: 3}
      propertyPath: m_LocalEulerAnglesHint.z
      value: 0
      objectReference: {fileID: 0}
    m_RemovedComponents: []
  m_SourcePrefab: {fileID: 100100000, guid: 990dfdc0273fc324daa3afc755f28fa1, type: 3}
--- !u!4 &2800760629926051825 stripped
Transform:
  m_CorrespondingSourceObject: {fileID: 400000, guid: 990dfdc0273fc324daa3afc755f28fa1,
    type: 3}
  m_PrefabInstance: {fileID: 2800760629925913969}
  m_PrefabAsset: {fileID: 0}
--- !u!1001 &3038352953411102333
PrefabInstance:
  m_ObjectHideFlags: 0
  serializedVersion: 2
  m_Modification:
    m_TransformParent: {fileID: 3526236504324971099}
    m_Modifications:
    - target: {fileID: 114000, guid: 61b2309c6a9086940900bc53bfd82669, type: 3}
      propertyPath: m_Name
      value: fe_vil_barrel_L4b
      objectReference: {fileID: 0}
    - target: {fileID: 439214, guid: 61b2309c6a9086940900bc53bfd82669, type: 3}
      propertyPath: m_LocalPosition.x
      value: 1.637
      objectReference: {fileID: 0}
    - target: {fileID: 439214, guid: 61b2309c6a9086940900bc53bfd82669, type: 3}
      propertyPath: m_LocalPosition.y
      value: 3.1
      objectReference: {fileID: 0}
    - target: {fileID: 439214, guid: 61b2309c6a9086940900bc53bfd82669, type: 3}
      propertyPath: m_LocalPosition.z
      value: -5.284
      objectReference: {fileID: 0}
    - target: {fileID: 439214, guid: 61b2309c6a9086940900bc53bfd82669, type: 3}
      propertyPath: m_LocalRotation.x
      value: -0
      objectReference: {fileID: 0}
    - target: {fileID: 439214, guid: 61b2309c6a9086940900bc53bfd82669, type: 3}
      propertyPath: m_LocalRotation.y
      value: -0
      objectReference: {fileID: 0}
    - target: {fileID: 439214, guid: 61b2309c6a9086940900bc53bfd82669, type: 3}
      propertyPath: m_LocalRotation.z
      value: -0
      objectReference: {fileID: 0}
    - target: {fileID: 439214, guid: 61b2309c6a9086940900bc53bfd82669, type: 3}
      propertyPath: m_LocalRotation.w
      value: 1
      objectReference: {fileID: 0}
    - target: {fileID: 439214, guid: 61b2309c6a9086940900bc53bfd82669, type: 3}
      propertyPath: m_RootOrder
      value: 20
      objectReference: {fileID: 0}
    - target: {fileID: 439214, guid: 61b2309c6a9086940900bc53bfd82669, type: 3}
      propertyPath: m_LocalEulerAnglesHint.x
      value: 0
      objectReference: {fileID: 0}
    - target: {fileID: 439214, guid: 61b2309c6a9086940900bc53bfd82669, type: 3}
      propertyPath: m_LocalEulerAnglesHint.y
      value: 0
      objectReference: {fileID: 0}
    - target: {fileID: 439214, guid: 61b2309c6a9086940900bc53bfd82669, type: 3}
      propertyPath: m_LocalEulerAnglesHint.z
      value: 0
      objectReference: {fileID: 0}
    m_RemovedComponents: []
  m_SourcePrefab: {fileID: 100100000, guid: 61b2309c6a9086940900bc53bfd82669, type: 3}
--- !u!4 &3038352953411196371 stripped
Transform:
  m_CorrespondingSourceObject: {fileID: 439214, guid: 61b2309c6a9086940900bc53bfd82669,
    type: 3}
  m_PrefabInstance: {fileID: 3038352953411102333}
  m_PrefabAsset: {fileID: 0}
--- !u!1001 &3112408079843777704
PrefabInstance:
  m_ObjectHideFlags: 0
  serializedVersion: 2
  m_Modification:
    m_TransformParent: {fileID: 3526236504324971099}
    m_Modifications:
    - target: {fileID: 100000, guid: 5d57ee30a55555148a797c1b18ed48b5, type: 3}
      propertyPath: m_Name
      value: fi_vil_container_crate_big_fruit02
      objectReference: {fileID: 0}
    - target: {fileID: 400000, guid: 5d57ee30a55555148a797c1b18ed48b5, type: 3}
      propertyPath: m_LocalPosition.x
      value: 1.099
      objectReference: {fileID: 0}
    - target: {fileID: 400000, guid: 5d57ee30a55555148a797c1b18ed48b5, type: 3}
      propertyPath: m_LocalPosition.y
      value: 3.1
      objectReference: {fileID: 0}
    - target: {fileID: 400000, guid: 5d57ee30a55555148a797c1b18ed48b5, type: 3}
      propertyPath: m_LocalPosition.z
      value: -6.163
      objectReference: {fileID: 0}
    - target: {fileID: 400000, guid: 5d57ee30a55555148a797c1b18ed48b5, type: 3}
      propertyPath: m_LocalRotation.x
      value: -0
      objectReference: {fileID: 0}
    - target: {fileID: 400000, guid: 5d57ee30a55555148a797c1b18ed48b5, type: 3}
      propertyPath: m_LocalRotation.y
      value: -0.77204955
      objectReference: {fileID: 0}
    - target: {fileID: 400000, guid: 5d57ee30a55555148a797c1b18ed48b5, type: 3}
      propertyPath: m_LocalRotation.z
      value: -0
      objectReference: {fileID: 0}
    - target: {fileID: 400000, guid: 5d57ee30a55555148a797c1b18ed48b5, type: 3}
      propertyPath: m_LocalRotation.w
      value: 0.6355624
      objectReference: {fileID: 0}
    - target: {fileID: 400000, guid: 5d57ee30a55555148a797c1b18ed48b5, type: 3}
      propertyPath: m_RootOrder
      value: 13
      objectReference: {fileID: 0}
    - target: {fileID: 400000, guid: 5d57ee30a55555148a797c1b18ed48b5, type: 3}
      propertyPath: m_LocalEulerAnglesHint.x
      value: 0
      objectReference: {fileID: 0}
    - target: {fileID: 400000, guid: 5d57ee30a55555148a797c1b18ed48b5, type: 3}
      propertyPath: m_LocalEulerAnglesHint.y
      value: -101.077
      objectReference: {fileID: 0}
    - target: {fileID: 400000, guid: 5d57ee30a55555148a797c1b18ed48b5, type: 3}
      propertyPath: m_LocalEulerAnglesHint.z
      value: 0
      objectReference: {fileID: 0}
    m_RemovedComponents: []
  m_SourcePrefab: {fileID: 100100000, guid: 5d57ee30a55555148a797c1b18ed48b5, type: 3}
--- !u!4 &3112408079843640872 stripped
Transform:
  m_CorrespondingSourceObject: {fileID: 400000, guid: 5d57ee30a55555148a797c1b18ed48b5,
    type: 3}
  m_PrefabInstance: {fileID: 3112408079843777704}
  m_PrefabAsset: {fileID: 0}
--- !u!1001 &3211655831782515839
PrefabInstance:
  m_ObjectHideFlags: 0
  serializedVersion: 2
  m_Modification:
    m_TransformParent: {fileID: 5072046398316782206}
    m_Modifications:
    - target: {fileID: 100000, guid: ed0abf4cef89c8f449844247c94726a8, type: 3}
      propertyPath: m_Name
      value: fi_vil_deck_pole_3m_A
      objectReference: {fileID: 0}
    - target: {fileID: 400000, guid: ed0abf4cef89c8f449844247c94726a8, type: 3}
      propertyPath: m_LocalPosition.x
      value: 3.942
      objectReference: {fileID: 0}
    - target: {fileID: 400000, guid: ed0abf4cef89c8f449844247c94726a8, type: 3}
      propertyPath: m_LocalPosition.y
      value: 1.8
      objectReference: {fileID: 0}
    - target: {fileID: 400000, guid: ed0abf4cef89c8f449844247c94726a8, type: 3}
      propertyPath: m_LocalPosition.z
      value: -0.843
      objectReference: {fileID: 0}
    - target: {fileID: 400000, guid: ed0abf4cef89c8f449844247c94726a8, type: 3}
      propertyPath: m_LocalRotation.x
      value: -0
      objectReference: {fileID: 0}
    - target: {fileID: 400000, guid: ed0abf4cef89c8f449844247c94726a8, type: 3}
      propertyPath: m_LocalRotation.y
      value: -0
      objectReference: {fileID: 0}
    - target: {fileID: 400000, guid: ed0abf4cef89c8f449844247c94726a8, type: 3}
      propertyPath: m_LocalRotation.z
      value: -0
      objectReference: {fileID: 0}
    - target: {fileID: 400000, guid: ed0abf4cef89c8f449844247c94726a8, type: 3}
      propertyPath: m_LocalRotation.w
      value: 1
      objectReference: {fileID: 0}
    - target: {fileID: 400000, guid: ed0abf4cef89c8f449844247c94726a8, type: 3}
      propertyPath: m_RootOrder
      value: 3
      objectReference: {fileID: 0}
    - target: {fileID: 400000, guid: ed0abf4cef89c8f449844247c94726a8, type: 3}
      propertyPath: m_LocalEulerAnglesHint.x
      value: 0
      objectReference: {fileID: 0}
    - target: {fileID: 400000, guid: ed0abf4cef89c8f449844247c94726a8, type: 3}
      propertyPath: m_LocalEulerAnglesHint.y
      value: 0
      objectReference: {fileID: 0}
    - target: {fileID: 400000, guid: ed0abf4cef89c8f449844247c94726a8, type: 3}
      propertyPath: m_LocalEulerAnglesHint.z
      value: 0
      objectReference: {fileID: 0}
    - target: {fileID: 400000, guid: ed0abf4cef89c8f449844247c94726a8, type: 3}
      propertyPath: m_LocalScale.y
      value: 1.2
      objectReference: {fileID: 0}
    m_RemovedComponents: []
  m_SourcePrefab: {fileID: 100100000, guid: ed0abf4cef89c8f449844247c94726a8, type: 3}
--- !u!4 &3211655831782391551 stripped
Transform:
  m_CorrespondingSourceObject: {fileID: 400000, guid: ed0abf4cef89c8f449844247c94726a8,
    type: 3}
  m_PrefabInstance: {fileID: 3211655831782515839}
  m_PrefabAsset: {fileID: 0}
--- !u!1001 &3213160614373046312
PrefabInstance:
  m_ObjectHideFlags: 0
  serializedVersion: 2
  m_Modification:
    m_TransformParent: {fileID: 3526236504324971099}
    m_Modifications:
    - target: {fileID: 100000, guid: e9f35010cb41432448ab07b1e42fda28, type: 3}
      propertyPath: m_Name
      value: fi_vil_container_sack02x3c
      objectReference: {fileID: 0}
    - target: {fileID: 400000, guid: e9f35010cb41432448ab07b1e42fda28, type: 3}
      propertyPath: m_LocalPosition.x
      value: 2.481
      objectReference: {fileID: 0}
    - target: {fileID: 400000, guid: e9f35010cb41432448ab07b1e42fda28, type: 3}
      propertyPath: m_LocalPosition.y
      value: 3.1
      objectReference: {fileID: 0}
    - target: {fileID: 400000, guid: e9f35010cb41432448ab07b1e42fda28, type: 3}
      propertyPath: m_LocalPosition.z
      value: -6.126
      objectReference: {fileID: 0}
    - target: {fileID: 400000, guid: e9f35010cb41432448ab07b1e42fda28, type: 3}
      propertyPath: m_LocalRotation.x
      value: -0
      objectReference: {fileID: 0}
    - target: {fileID: 400000, guid: e9f35010cb41432448ab07b1e42fda28, type: 3}
      propertyPath: m_LocalRotation.y
      value: -0.99704313
      objectReference: {fileID: 0}
    - target: {fileID: 400000, guid: e9f35010cb41432448ab07b1e42fda28, type: 3}
      propertyPath: m_LocalRotation.z
      value: -0
      objectReference: {fileID: 0}
    - target: {fileID: 400000, guid: e9f35010cb41432448ab07b1e42fda28, type: 3}
      propertyPath: m_LocalRotation.w
      value: 0.07684407
      objectReference: {fileID: 0}
    - target: {fileID: 400000, guid: e9f35010cb41432448ab07b1e42fda28, type: 3}
      propertyPath: m_RootOrder
      value: 15
      objectReference: {fileID: 0}
    - target: {fileID: 400000, guid: e9f35010cb41432448ab07b1e42fda28, type: 3}
      propertyPath: m_LocalEulerAnglesHint.x
      value: 0
      objectReference: {fileID: 0}
    - target: {fileID: 400000, guid: e9f35010cb41432448ab07b1e42fda28, type: 3}
      propertyPath: m_LocalEulerAnglesHint.y
      value: -171.186
      objectReference: {fileID: 0}
    - target: {fileID: 400000, guid: e9f35010cb41432448ab07b1e42fda28, type: 3}
      propertyPath: m_LocalEulerAnglesHint.z
      value: 0
      objectReference: {fileID: 0}
    m_RemovedComponents: []
  m_SourcePrefab: {fileID: 100100000, guid: e9f35010cb41432448ab07b1e42fda28, type: 3}
--- !u!4 &3213160614373171880 stripped
Transform:
  m_CorrespondingSourceObject: {fileID: 400000, guid: e9f35010cb41432448ab07b1e42fda28,
    type: 3}
  m_PrefabInstance: {fileID: 3213160614373046312}
  m_PrefabAsset: {fileID: 0}
--- !u!1001 &3225577200290386583
PrefabInstance:
  m_ObjectHideFlags: 0
  serializedVersion: 2
  m_Modification:
    m_TransformParent: {fileID: 3526236504324971099}
    m_Modifications:
    - target: {fileID: 158966, guid: 0ba16f0096f80c8458678f822b2baffd, type: 3}
      propertyPath: m_Name
      value: fe_vil_crate_05e
      objectReference: {fileID: 0}
    - target: {fileID: 441708, guid: 0ba16f0096f80c8458678f822b2baffd, type: 3}
      propertyPath: m_LocalPosition.x
      value: 0.894
      objectReference: {fileID: 0}
    - target: {fileID: 441708, guid: 0ba16f0096f80c8458678f822b2baffd, type: 3}
      propertyPath: m_LocalPosition.y
      value: 0
      objectReference: {fileID: 0}
    - target: {fileID: 441708, guid: 0ba16f0096f80c8458678f822b2baffd, type: 3}
      propertyPath: m_LocalPosition.z
      value: -6.172
      objectReference: {fileID: 0}
    - target: {fileID: 441708, guid: 0ba16f0096f80c8458678f822b2baffd, type: 3}
      propertyPath: m_LocalRotation.x
      value: -0
      objectReference: {fileID: 0}
    - target: {fileID: 441708, guid: 0ba16f0096f80c8458678f822b2baffd, type: 3}
      propertyPath: m_LocalRotation.y
      value: -0
      objectReference: {fileID: 0}
    - target: {fileID: 441708, guid: 0ba16f0096f80c8458678f822b2baffd, type: 3}
      propertyPath: m_LocalRotation.z
      value: -0
      objectReference: {fileID: 0}
    - target: {fileID: 441708, guid: 0ba16f0096f80c8458678f822b2baffd, type: 3}
      propertyPath: m_LocalRotation.w
      value: 1
      objectReference: {fileID: 0}
    - target: {fileID: 441708, guid: 0ba16f0096f80c8458678f822b2baffd, type: 3}
      propertyPath: m_RootOrder
      value: 23
      objectReference: {fileID: 0}
    - target: {fileID: 441708, guid: 0ba16f0096f80c8458678f822b2baffd, type: 3}
      propertyPath: m_LocalEulerAnglesHint.x
      value: 0
      objectReference: {fileID: 0}
    - target: {fileID: 441708, guid: 0ba16f0096f80c8458678f822b2baffd, type: 3}
      propertyPath: m_LocalEulerAnglesHint.y
      value: 0
      objectReference: {fileID: 0}
    - target: {fileID: 441708, guid: 0ba16f0096f80c8458678f822b2baffd, type: 3}
      propertyPath: m_LocalEulerAnglesHint.z
      value: 0
      objectReference: {fileID: 0}
    m_RemovedComponents: []
  m_SourcePrefab: {fileID: 100100000, guid: 0ba16f0096f80c8458678f822b2baffd, type: 3}
--- !u!4 &3225577200290820091 stripped
Transform:
  m_CorrespondingSourceObject: {fileID: 441708, guid: 0ba16f0096f80c8458678f822b2baffd,
    type: 3}
  m_PrefabInstance: {fileID: 3225577200290386583}
  m_PrefabAsset: {fileID: 0}
--- !u!1001 &3402941742085636628
PrefabInstance:
  m_ObjectHideFlags: 0
  serializedVersion: 2
  m_Modification:
    m_TransformParent: {fileID: 5072046398316782206}
    m_Modifications:
    - target: {fileID: 100000, guid: ed0abf4cef89c8f449844247c94726a8, type: 3}
      propertyPath: m_Name
      value: fi_vil_deck_pole_3m_A
      objectReference: {fileID: 0}
    - target: {fileID: 400000, guid: ed0abf4cef89c8f449844247c94726a8, type: 3}
      propertyPath: m_LocalPosition.x
      value: 3.942
      objectReference: {fileID: 0}
    - target: {fileID: 400000, guid: ed0abf4cef89c8f449844247c94726a8, type: 3}
      propertyPath: m_LocalPosition.y
      value: 1.8
      objectReference: {fileID: 0}
    - target: {fileID: 400000, guid: ed0abf4cef89c8f449844247c94726a8, type: 3}
      propertyPath: m_LocalPosition.z
      value: 0.84
      objectReference: {fileID: 0}
    - target: {fileID: 400000, guid: ed0abf4cef89c8f449844247c94726a8, type: 3}
      propertyPath: m_LocalRotation.x
      value: -0
      objectReference: {fileID: 0}
    - target: {fileID: 400000, guid: ed0abf4cef89c8f449844247c94726a8, type: 3}
      propertyPath: m_LocalRotation.y
      value: -0
      objectReference: {fileID: 0}
    - target: {fileID: 400000, guid: ed0abf4cef89c8f449844247c94726a8, type: 3}
      propertyPath: m_LocalRotation.z
      value: -0
      objectReference: {fileID: 0}
    - target: {fileID: 400000, guid: ed0abf4cef89c8f449844247c94726a8, type: 3}
      propertyPath: m_LocalRotation.w
      value: 1
      objectReference: {fileID: 0}
    - target: {fileID: 400000, guid: ed0abf4cef89c8f449844247c94726a8, type: 3}
      propertyPath: m_RootOrder
      value: 2
      objectReference: {fileID: 0}
    - target: {fileID: 400000, guid: ed0abf4cef89c8f449844247c94726a8, type: 3}
      propertyPath: m_LocalEulerAnglesHint.x
      value: 0
      objectReference: {fileID: 0}
    - target: {fileID: 400000, guid: ed0abf4cef89c8f449844247c94726a8, type: 3}
      propertyPath: m_LocalEulerAnglesHint.y
      value: 0
      objectReference: {fileID: 0}
    - target: {fileID: 400000, guid: ed0abf4cef89c8f449844247c94726a8, type: 3}
      propertyPath: m_LocalEulerAnglesHint.z
      value: 0
      objectReference: {fileID: 0}
    - target: {fileID: 400000, guid: ed0abf4cef89c8f449844247c94726a8, type: 3}
      propertyPath: m_LocalScale.y
      value: 1.2
      objectReference: {fileID: 0}
    m_RemovedComponents: []
  m_SourcePrefab: {fileID: 100100000, guid: ed0abf4cef89c8f449844247c94726a8, type: 3}
--- !u!4 &3402941742085511316 stripped
Transform:
  m_CorrespondingSourceObject: {fileID: 400000, guid: ed0abf4cef89c8f449844247c94726a8,
    type: 3}
  m_PrefabInstance: {fileID: 3402941742085636628}
  m_PrefabAsset: {fileID: 0}
--- !u!1001 &3790694980907106770
PrefabInstance:
  m_ObjectHideFlags: 0
  serializedVersion: 2
  m_Modification:
    m_TransformParent: {fileID: 3526236504324971099}
    m_Modifications:
    - target: {fileID: 155172, guid: 8366ecd51d2ba8943b9ed5f823f59562, type: 3}
      propertyPath: m_Name
      value: fe_vil_crate_11d
      objectReference: {fileID: 0}
    - target: {fileID: 429458, guid: 8366ecd51d2ba8943b9ed5f823f59562, type: 3}
      propertyPath: m_LocalPosition.x
      value: 3.461
      objectReference: {fileID: 0}
    - target: {fileID: 429458, guid: 8366ecd51d2ba8943b9ed5f823f59562, type: 3}
      propertyPath: m_LocalPosition.y
      value: 0
      objectReference: {fileID: 0}
    - target: {fileID: 429458, guid: 8366ecd51d2ba8943b9ed5f823f59562, type: 3}
      propertyPath: m_LocalPosition.z
      value: -5.116
      objectReference: {fileID: 0}
    - target: {fileID: 429458, guid: 8366ecd51d2ba8943b9ed5f823f59562, type: 3}
      propertyPath: m_LocalRotation.x
      value: -0
      objectReference: {fileID: 0}
    - target: {fileID: 429458, guid: 8366ecd51d2ba8943b9ed5f823f59562, type: 3}
      propertyPath: m_LocalRotation.y
      value: -0.7561575
      objectReference: {fileID: 0}
    - target: {fileID: 429458, guid: 8366ecd51d2ba8943b9ed5f823f59562, type: 3}
      propertyPath: m_LocalRotation.z
      value: -0
      objectReference: {fileID: 0}
    - target: {fileID: 429458, guid: 8366ecd51d2ba8943b9ed5f823f59562, type: 3}
      propertyPath: m_LocalRotation.w
      value: 0.65438974
      objectReference: {fileID: 0}
    - target: {fileID: 429458, guid: 8366ecd51d2ba8943b9ed5f823f59562, type: 3}
      propertyPath: m_RootOrder
      value: 24
      objectReference: {fileID: 0}
    - target: {fileID: 429458, guid: 8366ecd51d2ba8943b9ed5f823f59562, type: 3}
      propertyPath: m_LocalEulerAnglesHint.x
      value: 0
      objectReference: {fileID: 0}
    - target: {fileID: 429458, guid: 8366ecd51d2ba8943b9ed5f823f59562, type: 3}
      propertyPath: m_LocalEulerAnglesHint.y
      value: -98.253006
      objectReference: {fileID: 0}
    - target: {fileID: 429458, guid: 8366ecd51d2ba8943b9ed5f823f59562, type: 3}
      propertyPath: m_LocalEulerAnglesHint.z
      value: 0
      objectReference: {fileID: 0}
    m_RemovedComponents: []
  m_SourcePrefab: {fileID: 100100000, guid: 8366ecd51d2ba8943b9ed5f823f59562, type: 3}
--- !u!4 &3790694980907273280 stripped
Transform:
  m_CorrespondingSourceObject: {fileID: 429458, guid: 8366ecd51d2ba8943b9ed5f823f59562,
    type: 3}
  m_PrefabInstance: {fileID: 3790694980907106770}
  m_PrefabAsset: {fileID: 0}
--- !u!1001 &4179285269832230455
PrefabInstance:
  m_ObjectHideFlags: 0
  serializedVersion: 2
  m_Modification:
    m_TransformParent: {fileID: 3526236504324971099}
    m_Modifications:
    - target: {fileID: 100000, guid: b05ab35d1643b7c48b80bb09a195975e, type: 3}
      propertyPath: m_Name
      value: fi_vil_container_basket01_closed
      objectReference: {fileID: 0}
    - target: {fileID: 400000, guid: b05ab35d1643b7c48b80bb09a195975e, type: 3}
      propertyPath: m_LocalPosition.x
      value: 3.724
      objectReference: {fileID: 0}
    - target: {fileID: 400000, guid: b05ab35d1643b7c48b80bb09a195975e, type: 3}
      propertyPath: m_LocalPosition.y
      value: 1.5
      objectReference: {fileID: 0}
    - target: {fileID: 400000, guid: b05ab35d1643b7c48b80bb09a195975e, type: 3}
      propertyPath: m_LocalPosition.z
      value: -6.102
      objectReference: {fileID: 0}
    - target: {fileID: 400000, guid: b05ab35d1643b7c48b80bb09a195975e, type: 3}
      propertyPath: m_LocalRotation.x
      value: -0
      objectReference: {fileID: 0}
    - target: {fileID: 400000, guid: b05ab35d1643b7c48b80bb09a195975e, type: 3}
      propertyPath: m_LocalRotation.y
      value: 0.81516314
      objectReference: {fileID: 0}
    - target: {fileID: 400000, guid: b05ab35d1643b7c48b80bb09a195975e, type: 3}
      propertyPath: m_LocalRotation.z
      value: -0
      objectReference: {fileID: 0}
    - target: {fileID: 400000, guid: b05ab35d1643b7c48b80bb09a195975e, type: 3}
      propertyPath: m_LocalRotation.w
      value: 0.5792314
      objectReference: {fileID: 0}
    - target: {fileID: 400000, guid: b05ab35d1643b7c48b80bb09a195975e, type: 3}
      propertyPath: m_RootOrder
      value: 3
      objectReference: {fileID: 0}
    - target: {fileID: 400000, guid: b05ab35d1643b7c48b80bb09a195975e, type: 3}
      propertyPath: m_LocalEulerAnglesHint.x
      value: 0
      objectReference: {fileID: 0}
    - target: {fileID: 400000, guid: b05ab35d1643b7c48b80bb09a195975e, type: 3}
      propertyPath: m_LocalEulerAnglesHint.y
      value: 109.20701
      objectReference: {fileID: 0}
    - target: {fileID: 400000, guid: b05ab35d1643b7c48b80bb09a195975e, type: 3}
      propertyPath: m_LocalEulerAnglesHint.z
      value: 0
      objectReference: {fileID: 0}
    m_RemovedComponents: []
  m_SourcePrefab: {fileID: 100100000, guid: b05ab35d1643b7c48b80bb09a195975e, type: 3}
--- !u!4 &4179285269831842999 stripped
Transform:
  m_CorrespondingSourceObject: {fileID: 400000, guid: b05ab35d1643b7c48b80bb09a195975e,
    type: 3}
  m_PrefabInstance: {fileID: 4179285269832230455}
  m_PrefabAsset: {fileID: 0}
--- !u!1001 &4741153276366211373
PrefabInstance:
  m_ObjectHideFlags: 0
  serializedVersion: 2
  m_Modification:
    m_TransformParent: {fileID: 3526236504324971099}
    m_Modifications:
    - target: {fileID: 100000, guid: 2efbdb7d850a6dc44b6d15a61f23b9f1, type: 3}
      propertyPath: m_Name
      value: fi_vil_container_crate_big_fruit01
      objectReference: {fileID: 0}
    - target: {fileID: 400000, guid: 2efbdb7d850a6dc44b6d15a61f23b9f1, type: 3}
      propertyPath: m_LocalPosition.x
      value: 0.675
      objectReference: {fileID: 0}
    - target: {fileID: 400000, guid: 2efbdb7d850a6dc44b6d15a61f23b9f1, type: 3}
      propertyPath: m_LocalPosition.y
      value: 3.1
      objectReference: {fileID: 0}
    - target: {fileID: 400000, guid: 2efbdb7d850a6dc44b6d15a61f23b9f1, type: 3}
      propertyPath: m_LocalPosition.z
      value: -5.267
      objectReference: {fileID: 0}
    - target: {fileID: 400000, guid: 2efbdb7d850a6dc44b6d15a61f23b9f1, type: 3}
      propertyPath: m_LocalRotation.x
      value: 0.0064663133
      objectReference: {fileID: 0}
    - target: {fileID: 400000, guid: 2efbdb7d850a6dc44b6d15a61f23b9f1, type: 3}
      propertyPath: m_LocalRotation.y
      value: 0.036747422
      objectReference: {fileID: 0}
    - target: {fileID: 400000, guid: 2efbdb7d850a6dc44b6d15a61f23b9f1, type: 3}
      propertyPath: m_LocalRotation.z
      value: 0.0007950754
      objectReference: {fileID: 0}
    - target: {fileID: 400000, guid: 2efbdb7d850a6dc44b6d15a61f23b9f1, type: 3}
      propertyPath: m_LocalRotation.w
      value: 0.9993034
      objectReference: {fileID: 0}
    - target: {fileID: 400000, guid: 2efbdb7d850a6dc44b6d15a61f23b9f1, type: 3}
      propertyPath: m_RootOrder
      value: 12
      objectReference: {fileID: 0}
    - target: {fileID: 400000, guid: 2efbdb7d850a6dc44b6d15a61f23b9f1, type: 3}
      propertyPath: m_LocalEulerAnglesHint.x
      value: 0.73700005
      objectReference: {fileID: 0}
    - target: {fileID: 400000, guid: 2efbdb7d850a6dc44b6d15a61f23b9f1, type: 3}
      propertyPath: m_LocalEulerAnglesHint.y
      value: 4.2130003
      objectReference: {fileID: 0}
    - target: {fileID: 400000, guid: 2efbdb7d850a6dc44b6d15a61f23b9f1, type: 3}
      propertyPath: m_LocalEulerAnglesHint.z
      value: 0.11800001
      objectReference: {fileID: 0}
    m_RemovedComponents: []
  m_SourcePrefab: {fileID: 100100000, guid: 2efbdb7d850a6dc44b6d15a61f23b9f1, type: 3}
--- !u!4 &4741153276366082989 stripped
Transform:
  m_CorrespondingSourceObject: {fileID: 400000, guid: 2efbdb7d850a6dc44b6d15a61f23b9f1,
    type: 3}
  m_PrefabInstance: {fileID: 4741153276366211373}
  m_PrefabAsset: {fileID: 0}
--- !u!1001 &4793292892375587524
PrefabInstance:
  m_ObjectHideFlags: 0
  serializedVersion: 2
  m_Modification:
    m_TransformParent: {fileID: 3526236504324971099}
    m_Modifications:
    - target: {fileID: 100000, guid: 9999bf1f3ccfd9946955204f151792f3, type: 3}
      propertyPath: m_Name
      value: fi_vil_container_pot04
      objectReference: {fileID: 0}
    - target: {fileID: 400000, guid: 9999bf1f3ccfd9946955204f151792f3, type: 3}
      propertyPath: m_LocalPosition.x
      value: 2.315
      objectReference: {fileID: 0}
    - target: {fileID: 400000, guid: 9999bf1f3ccfd9946955204f151792f3, type: 3}
      propertyPath: m_LocalPosition.y
      value: 1.5
      objectReference: {fileID: 0}
    - target: {fileID: 400000, guid: 9999bf1f3ccfd9946955204f151792f3, type: 3}
      propertyPath: m_LocalPosition.z
      value: -6.111
      objectReference: {fileID: 0}
    - target: {fileID: 400000, guid: 9999bf1f3ccfd9946955204f151792f3, type: 3}
      propertyPath: m_LocalRotation.x
      value: -0
      objectReference: {fileID: 0}
    - target: {fileID: 400000, guid: 9999bf1f3ccfd9946955204f151792f3, type: 3}
      propertyPath: m_LocalRotation.y
      value: -0
      objectReference: {fileID: 0}
    - target: {fileID: 400000, guid: 9999bf1f3ccfd9946955204f151792f3, type: 3}
      propertyPath: m_LocalRotation.z
      value: -0
      objectReference: {fileID: 0}
    - target: {fileID: 400000, guid: 9999bf1f3ccfd9946955204f151792f3, type: 3}
      propertyPath: m_LocalRotation.w
      value: 1
      objectReference: {fileID: 0}
    - target: {fileID: 400000, guid: 9999bf1f3ccfd9946955204f151792f3, type: 3}
      propertyPath: m_RootOrder
      value: 5
      objectReference: {fileID: 0}
    - target: {fileID: 400000, guid: 9999bf1f3ccfd9946955204f151792f3, type: 3}
      propertyPath: m_LocalEulerAnglesHint.x
      value: 0
      objectReference: {fileID: 0}
    - target: {fileID: 400000, guid: 9999bf1f3ccfd9946955204f151792f3, type: 3}
      propertyPath: m_LocalEulerAnglesHint.y
      value: 0
      objectReference: {fileID: 0}
    - target: {fileID: 400000, guid: 9999bf1f3ccfd9946955204f151792f3, type: 3}
      propertyPath: m_LocalEulerAnglesHint.z
      value: 0
      objectReference: {fileID: 0}
    m_RemovedComponents: []
  m_SourcePrefab: {fileID: 100100000, guid: 9999bf1f3ccfd9946955204f151792f3, type: 3}
--- !u!4 &4793292892375711812 stripped
Transform:
  m_CorrespondingSourceObject: {fileID: 400000, guid: 9999bf1f3ccfd9946955204f151792f3,
    type: 3}
  m_PrefabInstance: {fileID: 4793292892375587524}
  m_PrefabAsset: {fileID: 0}
--- !u!1001 &4926914980006270653
PrefabInstance:
  m_ObjectHideFlags: 0
  serializedVersion: 2
  m_Modification:
    m_TransformParent: {fileID: 3526236504324971099}
    m_Modifications:
    - target: {fileID: 100000, guid: 9999bf1f3ccfd9946955204f151792f3, type: 3}
      propertyPath: m_Name
      value: fi_vil_container_pot04
      objectReference: {fileID: 0}
    - target: {fileID: 400000, guid: 9999bf1f3ccfd9946955204f151792f3, type: 3}
      propertyPath: m_LocalPosition.x
      value: 0.636
      objectReference: {fileID: 0}
    - target: {fileID: 400000, guid: 9999bf1f3ccfd9946955204f151792f3, type: 3}
      propertyPath: m_LocalPosition.y
      value: 1.5
      objectReference: {fileID: 0}
    - target: {fileID: 400000, guid: 9999bf1f3ccfd9946955204f151792f3, type: 3}
      propertyPath: m_LocalPosition.z
      value: -5.254
      objectReference: {fileID: 0}
    - target: {fileID: 400000, guid: 9999bf1f3ccfd9946955204f151792f3, type: 3}
      propertyPath: m_LocalRotation.x
      value: -0
      objectReference: {fileID: 0}
    - target: {fileID: 400000, guid: 9999bf1f3ccfd9946955204f151792f3, type: 3}
      propertyPath: m_LocalRotation.y
      value: -0
      objectReference: {fileID: 0}
    - target: {fileID: 400000, guid: 9999bf1f3ccfd9946955204f151792f3, type: 3}
      propertyPath: m_LocalRotation.z
      value: -0
      objectReference: {fileID: 0}
    - target: {fileID: 400000, guid: 9999bf1f3ccfd9946955204f151792f3, type: 3}
      propertyPath: m_LocalRotation.w
      value: 1
      objectReference: {fileID: 0}
    - target: {fileID: 400000, guid: 9999bf1f3ccfd9946955204f151792f3, type: 3}
      propertyPath: m_RootOrder
      value: 4
      objectReference: {fileID: 0}
    - target: {fileID: 400000, guid: 9999bf1f3ccfd9946955204f151792f3, type: 3}
      propertyPath: m_LocalEulerAnglesHint.x
      value: 0
      objectReference: {fileID: 0}
    - target: {fileID: 400000, guid: 9999bf1f3ccfd9946955204f151792f3, type: 3}
      propertyPath: m_LocalEulerAnglesHint.y
      value: 0
      objectReference: {fileID: 0}
    - target: {fileID: 400000, guid: 9999bf1f3ccfd9946955204f151792f3, type: 3}
      propertyPath: m_LocalEulerAnglesHint.z
      value: 0
      objectReference: {fileID: 0}
    m_RemovedComponents: []
  m_SourcePrefab: {fileID: 100100000, guid: 9999bf1f3ccfd9946955204f151792f3, type: 3}
--- !u!4 &4926914980006399037 stripped
Transform:
  m_CorrespondingSourceObject: {fileID: 400000, guid: 9999bf1f3ccfd9946955204f151792f3,
    type: 3}
  m_PrefabInstance: {fileID: 4926914980006270653}
  m_PrefabAsset: {fileID: 0}
--- !u!1001 &5365418843514738988
PrefabInstance:
  m_ObjectHideFlags: 0
  serializedVersion: 2
  m_Modification:
    m_TransformParent: {fileID: 3526236504324971099}
    m_Modifications:
    - target: {fileID: 100000, guid: 75f0cd54c776bb14a80e6061c44a4a16, type: 3}
      propertyPath: m_Name
      value: fi_vil_container_bag01_02
      objectReference: {fileID: 0}
    - target: {fileID: 400000, guid: 75f0cd54c776bb14a80e6061c44a4a16, type: 3}
      propertyPath: m_LocalPosition.x
      value: 1.851
      objectReference: {fileID: 0}
    - target: {fileID: 400000, guid: 75f0cd54c776bb14a80e6061c44a4a16, type: 3}
      propertyPath: m_LocalPosition.y
      value: 3.1
      objectReference: {fileID: 0}
    - target: {fileID: 400000, guid: 75f0cd54c776bb14a80e6061c44a4a16, type: 3}
      propertyPath: m_LocalPosition.z
      value: -6.483
      objectReference: {fileID: 0}
    - target: {fileID: 400000, guid: 75f0cd54c776bb14a80e6061c44a4a16, type: 3}
      propertyPath: m_LocalRotation.x
      value: -0
      objectReference: {fileID: 0}
    - target: {fileID: 400000, guid: 75f0cd54c776bb14a80e6061c44a4a16, type: 3}
      propertyPath: m_LocalRotation.y
      value: -0.5650184
      objectReference: {fileID: 0}
    - target: {fileID: 400000, guid: 75f0cd54c776bb14a80e6061c44a4a16, type: 3}
      propertyPath: m_LocalRotation.z
      value: -0
      objectReference: {fileID: 0}
    - target: {fileID: 400000, guid: 75f0cd54c776bb14a80e6061c44a4a16, type: 3}
      propertyPath: m_LocalRotation.w
      value: 0.82507837
      objectReference: {fileID: 0}
    - target: {fileID: 400000, guid: 75f0cd54c776bb14a80e6061c44a4a16, type: 3}
      propertyPath: m_RootOrder
      value: 9
      objectReference: {fileID: 0}
    - target: {fileID: 400000, guid: 75f0cd54c776bb14a80e6061c44a4a16, type: 3}
      propertyPath: m_LocalEulerAnglesHint.x
      value: 0
      objectReference: {fileID: 0}
    - target: {fileID: 400000, guid: 75f0cd54c776bb14a80e6061c44a4a16, type: 3}
      propertyPath: m_LocalEulerAnglesHint.y
      value: -68.80701
      objectReference: {fileID: 0}
    - target: {fileID: 400000, guid: 75f0cd54c776bb14a80e6061c44a4a16, type: 3}
      propertyPath: m_LocalEulerAnglesHint.z
      value: 0
      objectReference: {fileID: 0}
    m_RemovedComponents: []
  m_SourcePrefab: {fileID: 100100000, guid: 75f0cd54c776bb14a80e6061c44a4a16, type: 3}
--- !u!4 &5365418843514864556 stripped
Transform:
  m_CorrespondingSourceObject: {fileID: 400000, guid: 75f0cd54c776bb14a80e6061c44a4a16,
    type: 3}
  m_PrefabInstance: {fileID: 5365418843514738988}
  m_PrefabAsset: {fileID: 0}
--- !u!1001 &5463967352484180596
PrefabInstance:
  m_ObjectHideFlags: 0
  serializedVersion: 2
  m_Modification:
    m_TransformParent: {fileID: 3526236504324971099}
    m_Modifications:
    - target: {fileID: 100000, guid: 97521dfaa9f3f7148a9b0de75f70b7a5, type: 3}
      propertyPath: m_Name
      value: fi_vil_container_crate_big_sweetpot01
      objectReference: {fileID: 0}
    - target: {fileID: 400000, guid: 97521dfaa9f3f7148a9b0de75f70b7a5, type: 3}
      propertyPath: m_LocalPosition.x
      value: 2.598
      objectReference: {fileID: 0}
    - target: {fileID: 400000, guid: 97521dfaa9f3f7148a9b0de75f70b7a5, type: 3}
      propertyPath: m_LocalPosition.y
      value: 3.1
      objectReference: {fileID: 0}
    - target: {fileID: 400000, guid: 97521dfaa9f3f7148a9b0de75f70b7a5, type: 3}
      propertyPath: m_LocalPosition.z
      value: -5.266
      objectReference: {fileID: 0}
    - target: {fileID: 400000, guid: 97521dfaa9f3f7148a9b0de75f70b7a5, type: 3}
      propertyPath: m_LocalRotation.x
      value: -0
      objectReference: {fileID: 0}
    - target: {fileID: 400000, guid: 97521dfaa9f3f7148a9b0de75f70b7a5, type: 3}
      propertyPath: m_LocalRotation.y
      value: 0.10557825
      objectReference: {fileID: 0}
    - target: {fileID: 400000, guid: 97521dfaa9f3f7148a9b0de75f70b7a5, type: 3}
      propertyPath: m_LocalRotation.z
      value: -0
      objectReference: {fileID: 0}
    - target: {fileID: 400000, guid: 97521dfaa9f3f7148a9b0de75f70b7a5, type: 3}
      propertyPath: m_LocalRotation.w
      value: 0.99441105
      objectReference: {fileID: 0}
    - target: {fileID: 400000, guid: 97521dfaa9f3f7148a9b0de75f70b7a5, type: 3}
      propertyPath: m_RootOrder
      value: 11
      objectReference: {fileID: 0}
    - target: {fileID: 400000, guid: 97521dfaa9f3f7148a9b0de75f70b7a5, type: 3}
      propertyPath: m_LocalEulerAnglesHint.x
      value: 0
      objectReference: {fileID: 0}
    - target: {fileID: 400000, guid: 97521dfaa9f3f7148a9b0de75f70b7a5, type: 3}
      propertyPath: m_LocalEulerAnglesHint.y
      value: 12.121
      objectReference: {fileID: 0}
    - target: {fileID: 400000, guid: 97521dfaa9f3f7148a9b0de75f70b7a5, type: 3}
      propertyPath: m_LocalEulerAnglesHint.z
      value: 0
      objectReference: {fileID: 0}
    m_RemovedComponents: []
  m_SourcePrefab: {fileID: 100100000, guid: 97521dfaa9f3f7148a9b0de75f70b7a5, type: 3}
--- !u!4 &5463967352483784948 stripped
Transform:
  m_CorrespondingSourceObject: {fileID: 400000, guid: 97521dfaa9f3f7148a9b0de75f70b7a5,
    type: 3}
  m_PrefabInstance: {fileID: 5463967352484180596}
  m_PrefabAsset: {fileID: 0}
--- !u!1001 &5487661808545220686
PrefabInstance:
  m_ObjectHideFlags: 0
  serializedVersion: 2
  m_Modification:
    m_TransformParent: {fileID: 3526236504324971099}
    m_Modifications:
    - target: {fileID: 100000, guid: 8479b0a05cc2e6c439d0a8f03932c44d, type: 3}
      propertyPath: m_Name
      value: fi_vil_container_basket02_cherries_lid
      objectReference: {fileID: 0}
    - target: {fileID: 400000, guid: 8479b0a05cc2e6c439d0a8f03932c44d, type: 3}
      propertyPath: m_LocalPosition.x
      value: 3.346
      objectReference: {fileID: 0}
    - target: {fileID: 400000, guid: 8479b0a05cc2e6c439d0a8f03932c44d, type: 3}
      propertyPath: m_LocalPosition.y
      value: 1.5
      objectReference: {fileID: 0}
    - target: {fileID: 400000, guid: 8479b0a05cc2e6c439d0a8f03932c44d, type: 3}
      propertyPath: m_LocalPosition.z
      value: -5.549
      objectReference: {fileID: 0}
    - target: {fileID: 400000, guid: 8479b0a05cc2e6c439d0a8f03932c44d, type: 3}
      propertyPath: m_LocalRotation.x
      value: -0
      objectReference: {fileID: 0}
    - target: {fileID: 400000, guid: 8479b0a05cc2e6c439d0a8f03932c44d, type: 3}
      propertyPath: m_LocalRotation.y
      value: 0.049062025
      objectReference: {fileID: 0}
    - target: {fileID: 400000, guid: 8479b0a05cc2e6c439d0a8f03932c44d, type: 3}
      propertyPath: m_LocalRotation.z
      value: -0
      objectReference: {fileID: 0}
    - target: {fileID: 400000, guid: 8479b0a05cc2e6c439d0a8f03932c44d, type: 3}
      propertyPath: m_LocalRotation.w
      value: 0.99879575
      objectReference: {fileID: 0}
    - target: {fileID: 400000, guid: 8479b0a05cc2e6c439d0a8f03932c44d, type: 3}
      propertyPath: m_RootOrder
      value: 0
      objectReference: {fileID: 0}
    - target: {fileID: 400000, guid: 8479b0a05cc2e6c439d0a8f03932c44d, type: 3}
      propertyPath: m_LocalEulerAnglesHint.x
      value: 0
      objectReference: {fileID: 0}
    - target: {fileID: 400000, guid: 8479b0a05cc2e6c439d0a8f03932c44d, type: 3}
      propertyPath: m_LocalEulerAnglesHint.y
      value: 5.624
      objectReference: {fileID: 0}
    - target: {fileID: 400000, guid: 8479b0a05cc2e6c439d0a8f03932c44d, type: 3}
      propertyPath: m_LocalEulerAnglesHint.z
      value: 0
      objectReference: {fileID: 0}
    m_RemovedComponents: []
  m_SourcePrefab: {fileID: 100100000, guid: 8479b0a05cc2e6c439d0a8f03932c44d, type: 3}
--- !u!4 &5487661808545616590 stripped
Transform:
  m_CorrespondingSourceObject: {fileID: 400000, guid: 8479b0a05cc2e6c439d0a8f03932c44d,
    type: 3}
  m_PrefabInstance: {fileID: 5487661808545220686}
  m_PrefabAsset: {fileID: 0}
--- !u!1001 &5493139781765706193
PrefabInstance:
  m_ObjectHideFlags: 0
  serializedVersion: 2
  m_Modification:
    m_TransformParent: {fileID: 3526236504324971099}
    m_Modifications:
    - target: {fileID: 198752, guid: 7823e57245d2ee34d995f8236ebc7c73, type: 3}
      propertyPath: m_Name
      value: fe_vil_barrel_S1a
      objectReference: {fileID: 0}
    - target: {fileID: 466752, guid: 7823e57245d2ee34d995f8236ebc7c73, type: 3}
      propertyPath: m_LocalPosition.x
      value: 0.787
      objectReference: {fileID: 0}
    - target: {fileID: 466752, guid: 7823e57245d2ee34d995f8236ebc7c73, type: 3}
      propertyPath: m_LocalPosition.y
      value: 0
      objectReference: {fileID: 0}
    - target: {fileID: 466752, guid: 7823e57245d2ee34d995f8236ebc7c73, type: 3}
      propertyPath: m_LocalPosition.z
      value: -5.117
      objectReference: {fileID: 0}
    - target: {fileID: 466752, guid: 7823e57245d2ee34d995f8236ebc7c73, type: 3}
      propertyPath: m_LocalRotation.x
      value: -0
      objectReference: {fileID: 0}
    - target: {fileID: 466752, guid: 7823e57245d2ee34d995f8236ebc7c73, type: 3}
      propertyPath: m_LocalRotation.y
      value: -0
      objectReference: {fileID: 0}
    - target: {fileID: 466752, guid: 7823e57245d2ee34d995f8236ebc7c73, type: 3}
      propertyPath: m_LocalRotation.z
      value: -0
      objectReference: {fileID: 0}
    - target: {fileID: 466752, guid: 7823e57245d2ee34d995f8236ebc7c73, type: 3}
      propertyPath: m_LocalRotation.w
      value: 1
      objectReference: {fileID: 0}
    - target: {fileID: 466752, guid: 7823e57245d2ee34d995f8236ebc7c73, type: 3}
      propertyPath: m_RootOrder
      value: 19
      objectReference: {fileID: 0}
    - target: {fileID: 466752, guid: 7823e57245d2ee34d995f8236ebc7c73, type: 3}
      propertyPath: m_LocalEulerAnglesHint.x
      value: 0
      objectReference: {fileID: 0}
    - target: {fileID: 466752, guid: 7823e57245d2ee34d995f8236ebc7c73, type: 3}
      propertyPath: m_LocalEulerAnglesHint.y
      value: 0
      objectReference: {fileID: 0}
    - target: {fileID: 466752, guid: 7823e57245d2ee34d995f8236ebc7c73, type: 3}
      propertyPath: m_LocalEulerAnglesHint.z
      value: 0
      objectReference: {fileID: 0}
    m_RemovedComponents: []
  m_SourcePrefab: {fileID: 100100000, guid: 7823e57245d2ee34d995f8236ebc7c73, type: 3}
--- !u!4 &5493139781765377681 stripped
Transform:
  m_CorrespondingSourceObject: {fileID: 466752, guid: 7823e57245d2ee34d995f8236ebc7c73,
    type: 3}
  m_PrefabInstance: {fileID: 5493139781765706193}
  m_PrefabAsset: {fileID: 0}
--- !u!1001 &5734481024964049110
PrefabInstance:
  m_ObjectHideFlags: 0
  serializedVersion: 2
  m_Modification:
    m_TransformParent: {fileID: 3526236504324971099}
    m_Modifications:
    - target: {fileID: 100000, guid: 990dfdc0273fc324daa3afc755f28fa1, type: 3}
      propertyPath: m_Name
      value: fi_vil_container_bag01_01
      objectReference: {fileID: 0}
    - target: {fileID: 400000, guid: 990dfdc0273fc324daa3afc755f28fa1, type: 3}
      propertyPath: m_LocalPosition.x
      value: 3.6013
      objectReference: {fileID: 0}
    - target: {fileID: 400000, guid: 990dfdc0273fc324daa3afc755f28fa1, type: 3}
      propertyPath: m_LocalPosition.y
      value: 3.6601
      objectReference: {fileID: 0}
    - target: {fileID: 400000, guid: 990dfdc0273fc324daa3afc755f28fa1, type: 3}
      propertyPath: m_LocalPosition.z
      value: -5.4569
      objectReference: {fileID: 0}
    - target: {fileID: 400000, guid: 990dfdc0273fc324daa3afc755f28fa1, type: 3}
      propertyPath: m_LocalRotation.x
      value: -0
      objectReference: {fileID: 0}
    - target: {fileID: 400000, guid: 990dfdc0273fc324daa3afc755f28fa1, type: 3}
      propertyPath: m_LocalRotation.y
      value: 0.52466255
      objectReference: {fileID: 0}
    - target: {fileID: 400000, guid: 990dfdc0273fc324daa3afc755f28fa1, type: 3}
      propertyPath: m_LocalRotation.z
      value: -0
      objectReference: {fileID: 0}
    - target: {fileID: 400000, guid: 990dfdc0273fc324daa3afc755f28fa1, type: 3}
      propertyPath: m_LocalRotation.w
      value: 0.8513103
      objectReference: {fileID: 0}
    - target: {fileID: 400000, guid: 990dfdc0273fc324daa3afc755f28fa1, type: 3}
      propertyPath: m_RootOrder
      value: 8
      objectReference: {fileID: 0}
    - target: {fileID: 400000, guid: 990dfdc0273fc324daa3afc755f28fa1, type: 3}
      propertyPath: m_LocalEulerAnglesHint.x
      value: 0
      objectReference: {fileID: 0}
    - target: {fileID: 400000, guid: 990dfdc0273fc324daa3afc755f28fa1, type: 3}
      propertyPath: m_LocalEulerAnglesHint.y
      value: 63.291004
      objectReference: {fileID: 0}
    - target: {fileID: 400000, guid: 990dfdc0273fc324daa3afc755f28fa1, type: 3}
      propertyPath: m_LocalEulerAnglesHint.z
      value: 0
      objectReference: {fileID: 0}
    m_RemovedComponents: []
  m_SourcePrefab: {fileID: 100100000, guid: 990dfdc0273fc324daa3afc755f28fa1, type: 3}
--- !u!4 &5734481024964174422 stripped
Transform:
  m_CorrespondingSourceObject: {fileID: 400000, guid: 990dfdc0273fc324daa3afc755f28fa1,
    type: 3}
  m_PrefabInstance: {fileID: 5734481024964049110}
  m_PrefabAsset: {fileID: 0}
--- !u!1001 &6526873671473862463
PrefabInstance:
  m_ObjectHideFlags: 0
  serializedVersion: 2
  m_Modification:
    m_TransformParent: {fileID: 3526236504324971099}
    m_Modifications:
    - target: {fileID: 114000, guid: 61b2309c6a9086940900bc53bfd82669, type: 3}
      propertyPath: m_Name
      value: fe_vil_barrel_L4b
      objectReference: {fileID: 0}
    - target: {fileID: 439214, guid: 61b2309c6a9086940900bc53bfd82669, type: 3}
      propertyPath: m_LocalPosition.x
      value: 3.251
      objectReference: {fileID: 0}
    - target: {fileID: 439214, guid: 61b2309c6a9086940900bc53bfd82669, type: 3}
      propertyPath: m_LocalPosition.y
      value: 0
      objectReference: {fileID: 0}
    - target: {fileID: 439214, guid: 61b2309c6a9086940900bc53bfd82669, type: 3}
      propertyPath: m_LocalPosition.z
      value: -6.133
      objectReference: {fileID: 0}
    - target: {fileID: 439214, guid: 61b2309c6a9086940900bc53bfd82669, type: 3}
      propertyPath: m_LocalRotation.x
      value: -0
      objectReference: {fileID: 0}
    - target: {fileID: 439214, guid: 61b2309c6a9086940900bc53bfd82669, type: 3}
      propertyPath: m_LocalRotation.y
      value: -0
      objectReference: {fileID: 0}
    - target: {fileID: 439214, guid: 61b2309c6a9086940900bc53bfd82669, type: 3}
      propertyPath: m_LocalRotation.z
      value: -0
      objectReference: {fileID: 0}
    - target: {fileID: 439214, guid: 61b2309c6a9086940900bc53bfd82669, type: 3}
      propertyPath: m_LocalRotation.w
      value: 1
      objectReference: {fileID: 0}
    - target: {fileID: 439214, guid: 61b2309c6a9086940900bc53bfd82669, type: 3}
      propertyPath: m_RootOrder
      value: 21
      objectReference: {fileID: 0}
    - target: {fileID: 439214, guid: 61b2309c6a9086940900bc53bfd82669, type: 3}
      propertyPath: m_LocalEulerAnglesHint.x
      value: 0
      objectReference: {fileID: 0}
    - target: {fileID: 439214, guid: 61b2309c6a9086940900bc53bfd82669, type: 3}
      propertyPath: m_LocalEulerAnglesHint.y
      value: 0
      objectReference: {fileID: 0}
    - target: {fileID: 439214, guid: 61b2309c6a9086940900bc53bfd82669, type: 3}
      propertyPath: m_LocalEulerAnglesHint.z
      value: 0
      objectReference: {fileID: 0}
    m_RemovedComponents: []
  m_SourcePrefab: {fileID: 100100000, guid: 61b2309c6a9086940900bc53bfd82669, type: 3}
--- !u!4 &6526873671473702033 stripped
Transform:
  m_CorrespondingSourceObject: {fileID: 439214, guid: 61b2309c6a9086940900bc53bfd82669,
    type: 3}
  m_PrefabInstance: {fileID: 6526873671473862463}
  m_PrefabAsset: {fileID: 0}
--- !u!1001 &6919054085308061886
PrefabInstance:
  m_ObjectHideFlags: 0
  serializedVersion: 2
  m_Modification:
    m_TransformParent: {fileID: 5072046398316782206}
    m_Modifications:
    - target: {fileID: 100000, guid: 1d4a84a5d94e6d440b44d6af3164f275, type: 3}
      propertyPath: m_Name
      value: fi_vil_deck_2,0mX4,0m_worn
      objectReference: {fileID: 0}
    - target: {fileID: 400000, guid: 1d4a84a5d94e6d440b44d6af3164f275, type: 3}
      propertyPath: m_LocalPosition.x
      value: 2.14
      objectReference: {fileID: 0}
    - target: {fileID: 400000, guid: 1d4a84a5d94e6d440b44d6af3164f275, type: 3}
      propertyPath: m_LocalPosition.y
      value: 3.1
      objectReference: {fileID: 0}
    - target: {fileID: 400000, guid: 1d4a84a5d94e6d440b44d6af3164f275, type: 3}
      propertyPath: m_LocalPosition.z
      value: 0.0007498264
      objectReference: {fileID: 0}
    - target: {fileID: 400000, guid: 1d4a84a5d94e6d440b44d6af3164f275, type: 3}
      propertyPath: m_LocalRotation.x
      value: -0
      objectReference: {fileID: 0}
    - target: {fileID: 400000, guid: 1d4a84a5d94e6d440b44d6af3164f275, type: 3}
      propertyPath: m_LocalRotation.y
      value: 0.7071068
      objectReference: {fileID: 0}
    - target: {fileID: 400000, guid: 1d4a84a5d94e6d440b44d6af3164f275, type: 3}
      propertyPath: m_LocalRotation.z
      value: -0
      objectReference: {fileID: 0}
    - target: {fileID: 400000, guid: 1d4a84a5d94e6d440b44d6af3164f275, type: 3}
      propertyPath: m_LocalRotation.w
      value: 0.7071068
      objectReference: {fileID: 0}
    - target: {fileID: 400000, guid: 1d4a84a5d94e6d440b44d6af3164f275, type: 3}
      propertyPath: m_RootOrder
      value: 4
      objectReference: {fileID: 0}
    - target: {fileID: 400000, guid: 1d4a84a5d94e6d440b44d6af3164f275, type: 3}
      propertyPath: m_LocalEulerAnglesHint.x
      value: 0
      objectReference: {fileID: 0}
    - target: {fileID: 400000, guid: 1d4a84a5d94e6d440b44d6af3164f275, type: 3}
      propertyPath: m_LocalEulerAnglesHint.y
      value: 90
      objectReference: {fileID: 0}
    - target: {fileID: 400000, guid: 1d4a84a5d94e6d440b44d6af3164f275, type: 3}
      propertyPath: m_LocalEulerAnglesHint.z
      value: 0
      objectReference: {fileID: 0}
    m_RemovedComponents: []
  m_SourcePrefab: {fileID: 100100000, guid: 1d4a84a5d94e6d440b44d6af3164f275, type: 3}
--- !u!4 &6919054085308449342 stripped
Transform:
  m_CorrespondingSourceObject: {fileID: 400000, guid: 1d4a84a5d94e6d440b44d6af3164f275,
    type: 3}
  m_PrefabInstance: {fileID: 6919054085308061886}
  m_PrefabAsset: {fileID: 0}
--- !u!1001 &7048113503155284377
PrefabInstance:
  m_ObjectHideFlags: 0
  serializedVersion: 2
  m_Modification:
    m_TransformParent: {fileID: 3526236504324971099}
    m_Modifications:
    - target: {fileID: 100000, guid: 87356a9e0fde8c549bdec1a37a4e5110, type: 3}
      propertyPath: m_Name
      value: fi_vil_container_pot05
      objectReference: {fileID: 0}
    - target: {fileID: 400000, guid: 87356a9e0fde8c549bdec1a37a4e5110, type: 3}
      propertyPath: m_LocalPosition.x
      value: 1.886
      objectReference: {fileID: 0}
    - target: {fileID: 400000, guid: 87356a9e0fde8c549bdec1a37a4e5110, type: 3}
      propertyPath: m_LocalPosition.y
      value: 1.5
      objectReference: {fileID: 0}
    - target: {fileID: 400000, guid: 87356a9e0fde8c549bdec1a37a4e5110, type: 3}
      propertyPath: m_LocalPosition.z
      value: -6.199
      objectReference: {fileID: 0}
    - target: {fileID: 400000, guid: 87356a9e0fde8c549bdec1a37a4e5110, type: 3}
      propertyPath: m_LocalRotation.x
      value: -0
      objectReference: {fileID: 0}
    - target: {fileID: 400000, guid: 87356a9e0fde8c549bdec1a37a4e5110, type: 3}
      propertyPath: m_LocalRotation.y
      value: -0
      objectReference: {fileID: 0}
    - target: {fileID: 400000, guid: 87356a9e0fde8c549bdec1a37a4e5110, type: 3}
      propertyPath: m_LocalRotation.z
      value: -0
      objectReference: {fileID: 0}
    - target: {fileID: 400000, guid: 87356a9e0fde8c549bdec1a37a4e5110, type: 3}
      propertyPath: m_LocalRotation.w
      value: 1
      objectReference: {fileID: 0}
    - target: {fileID: 400000, guid: 87356a9e0fde8c549bdec1a37a4e5110, type: 3}
      propertyPath: m_RootOrder
      value: 6
      objectReference: {fileID: 0}
    - target: {fileID: 400000, guid: 87356a9e0fde8c549bdec1a37a4e5110, type: 3}
      propertyPath: m_LocalEulerAnglesHint.x
      value: 0
      objectReference: {fileID: 0}
    - target: {fileID: 400000, guid: 87356a9e0fde8c549bdec1a37a4e5110, type: 3}
      propertyPath: m_LocalEulerAnglesHint.y
      value: 0
      objectReference: {fileID: 0}
    - target: {fileID: 400000, guid: 87356a9e0fde8c549bdec1a37a4e5110, type: 3}
      propertyPath: m_LocalEulerAnglesHint.z
      value: 0
      objectReference: {fileID: 0}
    m_RemovedComponents: []
  m_SourcePrefab: {fileID: 100100000, guid: 87356a9e0fde8c549bdec1a37a4e5110, type: 3}
--- !u!4 &7048113503155155737 stripped
Transform:
  m_CorrespondingSourceObject: {fileID: 400000, guid: 87356a9e0fde8c549bdec1a37a4e5110,
    type: 3}
  m_PrefabInstance: {fileID: 7048113503155284377}
  m_PrefabAsset: {fileID: 0}
--- !u!1001 &7078407710205730379
PrefabInstance:
  m_ObjectHideFlags: 0
  serializedVersion: 2
  m_Modification:
    m_TransformParent: {fileID: 3526236504324971099}
    m_Modifications:
    - target: {fileID: 156880, guid: 4dae8f884bd00754cb7d9e3c466552dd, type: 3}
      propertyPath: m_Name
      value: fe_vil_crate_05a
      objectReference: {fileID: 0}
    - target: {fileID: 402000, guid: 4dae8f884bd00754cb7d9e3c466552dd, type: 3}
      propertyPath: m_LocalPosition.x
      value: 1.4649999
      objectReference: {fileID: 0}
    - target: {fileID: 402000, guid: 4dae8f884bd00754cb7d9e3c466552dd, type: 3}
      propertyPath: m_LocalPosition.y
      value: 1.5000001
      objectReference: {fileID: 0}
    - target: {fileID: 402000, guid: 4dae8f884bd00754cb7d9e3c466552dd, type: 3}
      propertyPath: m_LocalPosition.z
      value: -5.22
      objectReference: {fileID: 0}
    - target: {fileID: 402000, guid: 4dae8f884bd00754cb7d9e3c466552dd, type: 3}
      propertyPath: m_LocalRotation.x
      value: -0
      objectReference: {fileID: 0}
    - target: {fileID: 402000, guid: 4dae8f884bd00754cb7d9e3c466552dd, type: 3}
      propertyPath: m_LocalRotation.y
      value: 0.23659576
      objectReference: {fileID: 0}
    - target: {fileID: 402000, guid: 4dae8f884bd00754cb7d9e3c466552dd, type: 3}
      propertyPath: m_LocalRotation.z
      value: -0
      objectReference: {fileID: 0}
    - target: {fileID: 402000, guid: 4dae8f884bd00754cb7d9e3c466552dd, type: 3}
      propertyPath: m_LocalRotation.w
      value: 0.9716082
      objectReference: {fileID: 0}
    - target: {fileID: 402000, guid: 4dae8f884bd00754cb7d9e3c466552dd, type: 3}
      propertyPath: m_RootOrder
      value: 26
      objectReference: {fileID: 0}
    - target: {fileID: 402000, guid: 4dae8f884bd00754cb7d9e3c466552dd, type: 3}
      propertyPath: m_LocalEulerAnglesHint.x
      value: 0
      objectReference: {fileID: 0}
    - target: {fileID: 402000, guid: 4dae8f884bd00754cb7d9e3c466552dd, type: 3}
      propertyPath: m_LocalEulerAnglesHint.y
      value: 27.371002
      objectReference: {fileID: 0}
    - target: {fileID: 402000, guid: 4dae8f884bd00754cb7d9e3c466552dd, type: 3}
      propertyPath: m_LocalEulerAnglesHint.z
      value: 0
      objectReference: {fileID: 0}
    m_RemovedComponents: []
  m_SourcePrefab: {fileID: 100100000, guid: 4dae8f884bd00754cb7d9e3c466552dd, type: 3}
--- !u!4 &7078407710205869083 stripped
Transform:
  m_CorrespondingSourceObject: {fileID: 402000, guid: 4dae8f884bd00754cb7d9e3c466552dd,
    type: 3}
  m_PrefabInstance: {fileID: 7078407710205730379}
  m_PrefabAsset: {fileID: 0}
--- !u!1001 &7719040601781290420
PrefabInstance:
  m_ObjectHideFlags: 0
  serializedVersion: 2
  m_Modification:
    m_TransformParent: {fileID: 3526236504324971099}
    m_Modifications:
    - target: {fileID: 110392, guid: 721fde525ad9c504d8ebe154ee65732a, type: 3}
      propertyPath: m_Name
      value: fe_vil_barrel_M4b
      objectReference: {fileID: 0}
    - target: {fileID: 426982, guid: 721fde525ad9c504d8ebe154ee65732a, type: 3}
      propertyPath: m_LocalPosition.x
      value: 1.379
      objectReference: {fileID: 0}
    - target: {fileID: 426982, guid: 721fde525ad9c504d8ebe154ee65732a, type: 3}
      propertyPath: m_LocalPosition.y
      value: 1.5
      objectReference: {fileID: 0}
    - target: {fileID: 426982, guid: 721fde525ad9c504d8ebe154ee65732a, type: 3}
      propertyPath: m_LocalPosition.z
      value: -5.986
      objectReference: {fileID: 0}
    - target: {fileID: 426982, guid: 721fde525ad9c504d8ebe154ee65732a, type: 3}
      propertyPath: m_LocalRotation.x
      value: -0
      objectReference: {fileID: 0}
    - target: {fileID: 426982, guid: 721fde525ad9c504d8ebe154ee65732a, type: 3}
      propertyPath: m_LocalRotation.y
      value: -0
      objectReference: {fileID: 0}
    - target: {fileID: 426982, guid: 721fde525ad9c504d8ebe154ee65732a, type: 3}
      propertyPath: m_LocalRotation.z
      value: -0
      objectReference: {fileID: 0}
    - target: {fileID: 426982, guid: 721fde525ad9c504d8ebe154ee65732a, type: 3}
      propertyPath: m_LocalRotation.w
      value: 1
      objectReference: {fileID: 0}
    - target: {fileID: 426982, guid: 721fde525ad9c504d8ebe154ee65732a, type: 3}
      propertyPath: m_RootOrder
      value: 17
      objectReference: {fileID: 0}
    - target: {fileID: 426982, guid: 721fde525ad9c504d8ebe154ee65732a, type: 3}
      propertyPath: m_LocalEulerAnglesHint.x
      value: 0
      objectReference: {fileID: 0}
    - target: {fileID: 426982, guid: 721fde525ad9c504d8ebe154ee65732a, type: 3}
      propertyPath: m_LocalEulerAnglesHint.y
      value: 0
      objectReference: {fileID: 0}
    - target: {fileID: 426982, guid: 721fde525ad9c504d8ebe154ee65732a, type: 3}
      propertyPath: m_LocalEulerAnglesHint.z
      value: 0
      objectReference: {fileID: 0}
    m_RemovedComponents: []
  m_SourcePrefab: {fileID: 100100000, guid: 721fde525ad9c504d8ebe154ee65732a, type: 3}
--- !u!4 &7719040601781126738 stripped
Transform:
  m_CorrespondingSourceObject: {fileID: 426982, guid: 721fde525ad9c504d8ebe154ee65732a,
    type: 3}
  m_PrefabInstance: {fileID: 7719040601781290420}
  m_PrefabAsset: {fileID: 0}
--- !u!1001 &7792528298732131978
PrefabInstance:
  m_ObjectHideFlags: 0
  serializedVersion: 2
  m_Modification:
    m_TransformParent: {fileID: 3526236504324971099}
    m_Modifications:
    - target: {fileID: 100000, guid: 1644ed8a866cd76478dca8b65ad9600e, type: 3}
      propertyPath: m_Name
      value: fi_vil_container_sack02x5
      objectReference: {fileID: 0}
    - target: {fileID: 400000, guid: 1644ed8a866cd76478dca8b65ad9600e, type: 3}
      propertyPath: m_LocalPosition.x
      value: 2.081
      objectReference: {fileID: 0}
    - target: {fileID: 400000, guid: 1644ed8a866cd76478dca8b65ad9600e, type: 3}
      propertyPath: m_LocalPosition.y
      value: 0
      objectReference: {fileID: 0}
    - target: {fileID: 400000, guid: 1644ed8a866cd76478dca8b65ad9600e, type: 3}
      propertyPath: m_LocalPosition.z
      value: -6.155
      objectReference: {fileID: 0}
    - target: {fileID: 400000, guid: 1644ed8a866cd76478dca8b65ad9600e, type: 3}
      propertyPath: m_LocalRotation.x
      value: -0
      objectReference: {fileID: 0}
    - target: {fileID: 400000, guid: 1644ed8a866cd76478dca8b65ad9600e, type: 3}
      propertyPath: m_LocalRotation.y
      value: 0.9917507
      objectReference: {fileID: 0}
    - target: {fileID: 400000, guid: 1644ed8a866cd76478dca8b65ad9600e, type: 3}
      propertyPath: m_LocalRotation.z
      value: -0
      objectReference: {fileID: 0}
    - target: {fileID: 400000, guid: 1644ed8a866cd76478dca8b65ad9600e, type: 3}
      propertyPath: m_LocalRotation.w
      value: -0.1281816
      objectReference: {fileID: 0}
    - target: {fileID: 400000, guid: 1644ed8a866cd76478dca8b65ad9600e, type: 3}
      propertyPath: m_RootOrder
      value: 16
      objectReference: {fileID: 0}
    - target: {fileID: 400000, guid: 1644ed8a866cd76478dca8b65ad9600e, type: 3}
      propertyPath: m_LocalEulerAnglesHint.x
      value: 0
      objectReference: {fileID: 0}
    - target: {fileID: 400000, guid: 1644ed8a866cd76478dca8b65ad9600e, type: 3}
      propertyPath: m_LocalEulerAnglesHint.y
      value: 194.72899
      objectReference: {fileID: 0}
    - target: {fileID: 400000, guid: 1644ed8a866cd76478dca8b65ad9600e, type: 3}
      propertyPath: m_LocalEulerAnglesHint.z
      value: 0
      objectReference: {fileID: 0}
    m_RemovedComponents: []
  m_SourcePrefab: {fileID: 100100000, guid: 1644ed8a866cd76478dca8b65ad9600e, type: 3}
--- !u!4 &7792528298732260362 stripped
Transform:
  m_CorrespondingSourceObject: {fileID: 400000, guid: 1644ed8a866cd76478dca8b65ad9600e,
    type: 3}
  m_PrefabInstance: {fileID: 7792528298732131978}
  m_PrefabAsset: {fileID: 0}
--- !u!1001 &8928397255772696526
PrefabInstance:
  m_ObjectHideFlags: 0
  serializedVersion: 2
  m_Modification:
    m_TransformParent: {fileID: 3526236504324971099}
    m_Modifications:
    - target: {fileID: 190448, guid: 3433770c29fdd364b8e62fb4f02d8658, type: 3}
      propertyPath: m_Name
      value: fe_vil_barrel_S4b
      objectReference: {fileID: 0}
    - target: {fileID: 422742, guid: 3433770c29fdd364b8e62fb4f02d8658, type: 3}
      propertyPath: m_LocalPosition.x
      value: 1.698
      objectReference: {fileID: 0}
    - target: {fileID: 422742, guid: 3433770c29fdd364b8e62fb4f02d8658, type: 3}
      propertyPath: m_LocalPosition.y
      value: 0
      objectReference: {fileID: 0}
    - target: {fileID: 422742, guid: 3433770c29fdd364b8e62fb4f02d8658, type: 3}
      propertyPath: m_LocalPosition.z
      value: -5.03
      objectReference: {fileID: 0}
    - target: {fileID: 422742, guid: 3433770c29fdd364b8e62fb4f02d8658, type: 3}
      propertyPath: m_LocalRotation.x
      value: -0
      objectReference: {fileID: 0}
    - target: {fileID: 422742, guid: 3433770c29fdd364b8e62fb4f02d8658, type: 3}
      propertyPath: m_LocalRotation.y
      value: -0
      objectReference: {fileID: 0}
    - target: {fileID: 422742, guid: 3433770c29fdd364b8e62fb4f02d8658, type: 3}
      propertyPath: m_LocalRotation.z
      value: -0
      objectReference: {fileID: 0}
    - target: {fileID: 422742, guid: 3433770c29fdd364b8e62fb4f02d8658, type: 3}
      propertyPath: m_LocalRotation.w
      value: 1
      objectReference: {fileID: 0}
    - target: {fileID: 422742, guid: 3433770c29fdd364b8e62fb4f02d8658, type: 3}
      propertyPath: m_RootOrder
      value: 18
      objectReference: {fileID: 0}
    - target: {fileID: 422742, guid: 3433770c29fdd364b8e62fb4f02d8658, type: 3}
      propertyPath: m_LocalEulerAnglesHint.x
      value: 0
      objectReference: {fileID: 0}
    - target: {fileID: 422742, guid: 3433770c29fdd364b8e62fb4f02d8658, type: 3}
      propertyPath: m_LocalEulerAnglesHint.y
      value: 0
      objectReference: {fileID: 0}
    - target: {fileID: 422742, guid: 3433770c29fdd364b8e62fb4f02d8658, type: 3}
      propertyPath: m_LocalEulerAnglesHint.z
      value: 0
      objectReference: {fileID: 0}
    m_RemovedComponents: []
  m_SourcePrefab: {fileID: 100100000, guid: 3433770c29fdd364b8e62fb4f02d8658, type: 3}
--- !u!4 &8928397255772282008 stripped
Transform:
  m_CorrespondingSourceObject: {fileID: 422742, guid: 3433770c29fdd364b8e62fb4f02d8658,
    type: 3}
  m_PrefabInstance: {fileID: 8928397255772696526}
  m_PrefabAsset: {fileID: 0}
--- !u!1001 &8956204328713342358
PrefabInstance:
  m_ObjectHideFlags: 0
  serializedVersion: 2
  m_Modification:
    m_TransformParent: {fileID: 3526236504324971099}
    m_Modifications:
    - target: {fileID: 157800, guid: 82cde320f9803e74b8b4c9a224ead821, type: 3}
      propertyPath: m_Name
      value: fe_vil_crate_05d
      objectReference: {fileID: 0}
    - target: {fileID: 413946, guid: 82cde320f9803e74b8b4c9a224ead821, type: 3}
      propertyPath: m_LocalPosition.x
      value: 2.459
      objectReference: {fileID: 0}
    - target: {fileID: 413946, guid: 82cde320f9803e74b8b4c9a224ead821, type: 3}
      propertyPath: m_LocalPosition.y
      value: 1.5000001
      objectReference: {fileID: 0}
    - target: {fileID: 413946, guid: 82cde320f9803e74b8b4c9a224ead821, type: 3}
      propertyPath: m_LocalPosition.z
      value: -5.316
      objectReference: {fileID: 0}
    - target: {fileID: 413946, guid: 82cde320f9803e74b8b4c9a224ead821, type: 3}
      propertyPath: m_LocalRotation.x
      value: -0
      objectReference: {fileID: 0}
    - target: {fileID: 413946, guid: 82cde320f9803e74b8b4c9a224ead821, type: 3}
      propertyPath: m_LocalRotation.y
      value: -0.70080864
      objectReference: {fileID: 0}
    - target: {fileID: 413946, guid: 82cde320f9803e74b8b4c9a224ead821, type: 3}
      propertyPath: m_LocalRotation.z
      value: -0
      objectReference: {fileID: 0}
    - target: {fileID: 413946, guid: 82cde320f9803e74b8b4c9a224ead821, type: 3}
      propertyPath: m_LocalRotation.w
      value: 0.7133494
      objectReference: {fileID: 0}
    - target: {fileID: 413946, guid: 82cde320f9803e74b8b4c9a224ead821, type: 3}
      propertyPath: m_RootOrder
      value: 25
      objectReference: {fileID: 0}
    - target: {fileID: 413946, guid: 82cde320f9803e74b8b4c9a224ead821, type: 3}
      propertyPath: m_LocalEulerAnglesHint.x
      value: 0
      objectReference: {fileID: 0}
    - target: {fileID: 413946, guid: 82cde320f9803e74b8b4c9a224ead821, type: 3}
      propertyPath: m_LocalEulerAnglesHint.y
      value: -88.984
      objectReference: {fileID: 0}
    - target: {fileID: 413946, guid: 82cde320f9803e74b8b4c9a224ead821, type: 3}
      propertyPath: m_LocalEulerAnglesHint.z
      value: 0
      objectReference: {fileID: 0}
    m_RemovedComponents: []
  m_SourcePrefab: {fileID: 100100000, guid: 82cde320f9803e74b8b4c9a224ead821, type: 3}
--- !u!4 &8956204328712936812 stripped
Transform:
  m_CorrespondingSourceObject: {fileID: 413946, guid: 82cde320f9803e74b8b4c9a224ead821,
    type: 3}
  m_PrefabInstance: {fileID: 8956204328713342358}
  m_PrefabAsset: {fileID: 0}
