%YAML 1.1
%TAG !u! tag:unity3d.com,2011:
--- !u!1 &208288517756458439
GameObject:
  m_ObjectHideFlags: 0
  m_CorrespondingSourceObject: {fileID: 0}
  m_PrefabInstance: {fileID: 0}
  m_PrefabAsset: {fileID: 0}
  serializedVersion: 6
  m_Component:
  - component: {fileID: 5935536828577145772}
  m_Layer: 0
  m_Name: BulletingA_06B
  m_TagString: Untagged
  m_Icon: {fileID: 0}
  m_NavMeshLayer: 0
  m_StaticEditorFlags: 0
  m_IsActive: 1
--- !u!4 &5935536828577145772
Transform:
  m_ObjectHideFlags: 0
  m_CorrespondingSourceObject: {fileID: 0}
  m_PrefabInstance: {fileID: 0}
  m_PrefabAsset: {fileID: 0}
  m_GameObject: {fileID: 208288517756458439}
  m_LocalRotation: {x: 0, y: 0, z: 0, w: 1}
  m_LocalPosition: {x: 0, y: 0, z: 0}
  m_LocalScale: {x: 1, y: 1, z: 1}
  m_Children:
  - {fileID: 2931974465546428845}
  - {fileID: 4164882586088315262}
  - {fileID: 8516546407454384530}
  - {fileID: 1317569008754249927}
  m_Father: {fileID: 0}
  m_RootOrder: 0
  m_LocalEulerAnglesHint: {x: 0, y: 0, z: 0}
--- !u!1001 &625106162530437803
PrefabInstance:
  m_ObjectHideFlags: 0
  serializedVersion: 2
  m_Modification:
    m_TransformParent: {fileID: 5935536828577145772}
    m_Modifications:
    - target: {fileID: 2313906294142135046, guid: 6d1ed7b3f59b47249bb8d174252a1d16,
        type: 3}
      propertyPath: m_LocalPosition.x
      value: 0
      objectReference: {fileID: 0}
    - target: {fileID: 2313906294142135046, guid: 6d1ed7b3f59b47249bb8d174252a1d16,
        type: 3}
      propertyPath: m_LocalPosition.y
      value: -0.5
      objectReference: {fileID: 0}
    - target: {fileID: 2313906294142135046, guid: 6d1ed7b3f59b47249bb8d174252a1d16,
        type: 3}
      propertyPath: m_LocalPosition.z
      value: 0
      objectReference: {fileID: 0}
    - target: {fileID: 2313906294142135046, guid: 6d1ed7b3f59b47249bb8d174252a1d16,
        type: 3}
      propertyPath: m_LocalRotation.x
      value: -0
      objectReference: {fileID: 0}
    - target: {fileID: 2313906294142135046, guid: 6d1ed7b3f59b47249bb8d174252a1d16,
        type: 3}
      propertyPath: m_LocalRotation.y
      value: -0
      objectReference: {fileID: 0}
    - target: {fileID: 2313906294142135046, guid: 6d1ed7b3f59b47249bb8d174252a1d16,
        type: 3}
      propertyPath: m_LocalRotation.z
      value: -0
      objectReference: {fileID: 0}
    - target: {fileID: 2313906294142135046, guid: 6d1ed7b3f59b47249bb8d174252a1d16,
        type: 3}
      propertyPath: m_LocalRotation.w
      value: 1
      objectReference: {fileID: 0}
    - target: {fileID: 2313906294142135046, guid: 6d1ed7b3f59b47249bb8d174252a1d16,
        type: 3}
      propertyPath: m_RootOrder
      value: 0
      objectReference: {fileID: 0}
    - target: {fileID: 2313906294142135046, guid: 6d1ed7b3f59b47249bb8d174252a1d16,
        type: 3}
      propertyPath: m_LocalEulerAnglesHint.x
      value: 0
      objectReference: {fileID: 0}
    - target: {fileID: 2313906294142135046, guid: 6d1ed7b3f59b47249bb8d174252a1d16,
        type: 3}
      propertyPath: m_LocalEulerAnglesHint.y
      value: 0
      objectReference: {fileID: 0}
    - target: {fileID: 2313906294142135046, guid: 6d1ed7b3f59b47249bb8d174252a1d16,
        type: 3}
      propertyPath: m_LocalEulerAnglesHint.z
      value: 0
      objectReference: {fileID: 0}
    - target: {fileID: 2313906294142433062, guid: 6d1ed7b3f59b47249bb8d174252a1d16,
        type: 3}
      propertyPath: m_Name
      value: fe_vil_mm_BulletinShelf_s
      objectReference: {fileID: 0}
    m_RemovedComponents: []
  m_SourcePrefab: {fileID: 100100000, guid: 6d1ed7b3f59b47249bb8d174252a1d16, type: 3}
--- !u!4 &2931974465546428845 stripped
Transform:
  m_CorrespondingSourceObject: {fileID: 2313906294142135046, guid: 6d1ed7b3f59b47249bb8d174252a1d16,
    type: 3}
  m_PrefabInstance: {fileID: 625106162530437803}
  m_PrefabAsset: {fileID: 0}
--- !u!1001 &2053053735846901153
PrefabInstance:
  m_ObjectHideFlags: 0
  serializedVersion: 2
  m_Modification:
    m_TransformParent: {fileID: 5935536828577145772}
    m_Modifications:
    - target: {fileID: 2716035456514944223, guid: 3cfa1c5041403c844be2df94e425fdd3,
        type: 3}
      propertyPath: m_LocalPosition.x
      value: 0
      objectReference: {fileID: 0}
    - target: {fileID: 2716035456514944223, guid: 3cfa1c5041403c844be2df94e425fdd3,
        type: 3}
      propertyPath: m_LocalPosition.y
      value: 0
      objectReference: {fileID: 0}
    - target: {fileID: 2716035456514944223, guid: 3cfa1c5041403c844be2df94e425fdd3,
        type: 3}
      propertyPath: m_LocalPosition.z
      value: 0
      objectReference: {fileID: 0}
    - target: {fileID: 2716035456514944223, guid: 3cfa1c5041403c844be2df94e425fdd3,
        type: 3}
      propertyPath: m_LocalRotation.x
      value: -0
      objectReference: {fileID: 0}
    - target: {fileID: 2716035456514944223, guid: 3cfa1c5041403c844be2df94e425fdd3,
        type: 3}
      propertyPath: m_LocalRotation.y
      value: -0
      objectReference: {fileID: 0}
    - target: {fileID: 2716035456514944223, guid: 3cfa1c5041403c844be2df94e425fdd3,
        type: 3}
      propertyPath: m_LocalRotation.z
      value: -0
      objectReference: {fileID: 0}
    - target: {fileID: 2716035456514944223, guid: 3cfa1c5041403c844be2df94e425fdd3,
        type: 3}
      propertyPath: m_LocalRotation.w
      value: 1
      objectReference: {fileID: 0}
    - target: {fileID: 2716035456514944223, guid: 3cfa1c5041403c844be2df94e425fdd3,
        type: 3}
      propertyPath: m_RootOrder
      value: 1
      objectReference: {fileID: 0}
    - target: {fileID: 2716035456514944223, guid: 3cfa1c5041403c844be2df94e425fdd3,
        type: 3}
      propertyPath: m_LocalEulerAnglesHint.x
      value: 0
      objectReference: {fileID: 0}
    - target: {fileID: 2716035456514944223, guid: 3cfa1c5041403c844be2df94e425fdd3,
        type: 3}
      propertyPath: m_LocalEulerAnglesHint.y
      value: 0
      objectReference: {fileID: 0}
    - target: {fileID: 2716035456514944223, guid: 3cfa1c5041403c844be2df94e425fdd3,
        type: 3}
      propertyPath: m_LocalEulerAnglesHint.z
      value: 0
      objectReference: {fileID: 0}
    - target: {fileID: 2716035456515436799, guid: 3cfa1c5041403c844be2df94e425fdd3,
        type: 3}
      propertyPath: m_Name
      value: fe_vil_mm_BulletinLegs02_A
      objectReference: {fileID: 0}
    m_RemovedComponents: []
  m_SourcePrefab: {fileID: 100100000, guid: 3cfa1c5041403c844be2df94e425fdd3, type: 3}
--- !u!4 &4164882586088315262 stripped
Transform:
  m_CorrespondingSourceObject: {fileID: 2716035456514944223, guid: 3cfa1c5041403c844be2df94e425fdd3,
    type: 3}
  m_PrefabInstance: {fileID: 2053053735846901153}
  m_PrefabAsset: {fileID: 0}
--- !u!1001 &4280633469538003909
PrefabInstance:
  m_ObjectHideFlags: 0
  serializedVersion: 2
  m_Modification:
    m_TransformParent: {fileID: 5935536828577145772}
    m_Modifications:
    - target: {fileID: 2967642896207559426, guid: 317714da4ce32f84281b1584157d4328,
        type: 3}
      propertyPath: m_LocalPosition.x
      value: 0
      objectReference: {fileID: 0}
    - target: {fileID: 2967642896207559426, guid: 317714da4ce32f84281b1584157d4328,
        type: 3}
      propertyPath: m_LocalPosition.y
      value: 0
      objectReference: {fileID: 0}
    - target: {fileID: 2967642896207559426, guid: 317714da4ce32f84281b1584157d4328,
        type: 3}
      propertyPath: m_LocalPosition.z
      value: 0
      objectReference: {fileID: 0}
    - target: {fileID: 2967642896207559426, guid: 317714da4ce32f84281b1584157d4328,
        type: 3}
      propertyPath: m_LocalRotation.x
      value: -0
      objectReference: {fileID: 0}
    - target: {fileID: 2967642896207559426, guid: 317714da4ce32f84281b1584157d4328,
        type: 3}
      propertyPath: m_LocalRotation.y
      value: -0
      objectReference: {fileID: 0}
    - target: {fileID: 2967642896207559426, guid: 317714da4ce32f84281b1584157d4328,
        type: 3}
      propertyPath: m_LocalRotation.z
      value: -0
      objectReference: {fileID: 0}
    - target: {fileID: 2967642896207559426, guid: 317714da4ce32f84281b1584157d4328,
        type: 3}
      propertyPath: m_LocalRotation.w
      value: 1
      objectReference: {fileID: 0}
    - target: {fileID: 2967642896207559426, guid: 317714da4ce32f84281b1584157d4328,
        type: 3}
      propertyPath: m_RootOrder
      value: 3
      objectReference: {fileID: 0}
    - target: {fileID: 2967642896207559426, guid: 317714da4ce32f84281b1584157d4328,
        type: 3}
      propertyPath: m_LocalEulerAnglesHint.x
      value: 0
      objectReference: {fileID: 0}
    - target: {fileID: 2967642896207559426, guid: 317714da4ce32f84281b1584157d4328,
        type: 3}
      propertyPath: m_LocalEulerAnglesHint.y
      value: 0
      objectReference: {fileID: 0}
    - target: {fileID: 2967642896207559426, guid: 317714da4ce32f84281b1584157d4328,
        type: 3}
      propertyPath: m_LocalEulerAnglesHint.z
      value: 0
      objectReference: {fileID: 0}
    - target: {fileID: 2967642896207849250, guid: 317714da4ce32f84281b1584157d4328,
        type: 3}
      propertyPath: m_Name
      value: fe_vil_mm_BulletinA_03
      objectReference: {fileID: 0}
    m_RemovedComponents: []
  m_SourcePrefab: {fileID: 100100000, guid: 317714da4ce32f84281b1584157d4328, type: 3}
--- !u!4 &1317569008754249927 stripped
Transform:
  m_CorrespondingSourceObject: {fileID: 2967642896207559426, guid: 317714da4ce32f84281b1584157d4328,
    type: 3}
  m_PrefabInstance: {fileID: 4280633469538003909}
  m_PrefabAsset: {fileID: 0}
--- !u!1001 &4298890543685106438
PrefabInstance:
  m_ObjectHideFlags: 0
  serializedVersion: 2
  m_Modification:
    m_TransformParent: {fileID: 5935536828577145772}
    m_Modifications:
    - target: {fileID: 5591328860790610580, guid: e43bedf4390f31a4a927414778abd1ec,
        type: 3}
      propertyPath: m_LocalPosition.x
      value: 0
      objectReference: {fileID: 0}
    - target: {fileID: 5591328860790610580, guid: e43bedf4390f31a4a927414778abd1ec,
        type: 3}
      propertyPath: m_LocalPosition.y
      value: 0
      objectReference: {fileID: 0}
    - target: {fileID: 5591328860790610580, guid: e43bedf4390f31a4a927414778abd1ec,
        type: 3}
      propertyPath: m_LocalPosition.z
      value: 0
      objectReference: {fileID: 0}
    - target: {fileID: 5591328860790610580, guid: e43bedf4390f31a4a927414778abd1ec,
        type: 3}
      propertyPath: m_LocalRotation.x
      value: -0
      objectReference: {fileID: 0}
    - target: {fileID: 5591328860790610580, guid: e43bedf4390f31a4a927414778abd1ec,
        type: 3}
      propertyPath: m_LocalRotation.y
      value: -0
      objectReference: {fileID: 0}
    - target: {fileID: 5591328860790610580, guid: e43bedf4390f31a4a927414778abd1ec,
        type: 3}
      propertyPath: m_LocalRotation.z
      value: -0
      objectReference: {fileID: 0}
    - target: {fileID: 5591328860790610580, guid: e43bedf4390f31a4a927414778abd1ec,
        type: 3}
      propertyPath: m_LocalRotation.w
      value: 1
      objectReference: {fileID: 0}
    - target: {fileID: 5591328860790610580, guid: e43bedf4390f31a4a927414778abd1ec,
        type: 3}
      propertyPath: m_RootOrder
      value: 2
      objectReference: {fileID: 0}
    - target: {fileID: 5591328860790610580, guid: e43bedf4390f31a4a927414778abd1ec,
        type: 3}
      propertyPath: m_LocalEulerAnglesHint.x
      value: 0
      objectReference: {fileID: 0}
    - target: {fileID: 5591328860790610580, guid: e43bedf4390f31a4a927414778abd1ec,
        type: 3}
      propertyPath: m_LocalEulerAnglesHint.y
      value: 0
      objectReference: {fileID: 0}
    - target: {fileID: 5591328860790610580, guid: e43bedf4390f31a4a927414778abd1ec,
        type: 3}
      propertyPath: m_LocalEulerAnglesHint.z
      value: 0
      objectReference: {fileID: 0}
    - target: {fileID: 5591328860791097012, guid: e43bedf4390f31a4a927414778abd1ec,
        type: 3}
      propertyPath: m_Name
      value: fe_vil_mm_BulletinRoof02_s
      objectReference: {fileID: 0}
    m_RemovedComponents: []
  m_SourcePrefab: {fileID: 100100000, guid: e43bedf4390f31a4a927414778abd1ec, type: 3}
--- !u!4 &8516546407454384530 stripped
Transform:
  m_CorrespondingSourceObject: {fileID: 5591328860790610580, guid: e43bedf4390f31a4a927414778abd1ec,
    type: 3}
  m_PrefabInstance: {fileID: 4298890543685106438}
  m_PrefabAsset: {fileID: 0}
