%YAML 1.1
%TAG !u! tag:unity3d.com,2011:
--- !u!1 &3610037562120374683
GameObject:
  m_ObjectHideFlags: 0
  m_CorrespondingSourceObject: {fileID: 0}
  m_PrefabInstance: {fileID: 0}
  m_PrefabAsset: {fileID: 0}
  serializedVersion: 6
  m_Component:
  - component: {fileID: 5179078295896670966}
  m_Layer: 0
  m_Name: BulletingB_01B
  m_TagString: Untagged
  m_Icon: {fileID: 0}
  m_NavMeshLayer: 0
  m_StaticEditorFlags: 0
  m_IsActive: 1
--- !u!4 &5179078295896670966
Transform:
  m_ObjectHideFlags: 0
  m_CorrespondingSourceObject: {fileID: 0}
  m_PrefabInstance: {fileID: 0}
  m_PrefabAsset: {fileID: 0}
  m_GameObject: {fileID: 3610037562120374683}
  m_LocalRotation: {x: 0, y: 0, z: 0, w: 1}
  m_LocalPosition: {x: 0, y: 0, z: 0}
  m_LocalScale: {x: 1, y: 1, z: 1}
  m_Children:
  - {fileID: 8245127786826693892}
  - {fileID: 3870731100721971900}
  - {fileID: 2217269103750330005}
  - {fileID: 2693470548817632750}
  m_Father: {fileID: 0}
  m_RootOrder: 0
  m_LocalEulerAnglesHint: {x: 0, y: 0, z: 0}
--- !u!1001 &147385719456058200
PrefabInstance:
  m_ObjectHideFlags: 0
  serializedVersion: 2
  m_Modification:
    m_TransformParent: {fileID: 5179078295896670966}
    m_Modifications:
    - target: {fileID: 2840293305133238934, guid: 41902d91bb7fdef488dcab49c63879c0,
        type: 3}
      propertyPath: m_Name
      value: fe_vil_mm_BulletinRoof02_s_B
      objectReference: {fileID: 0}
    - target: {fileID: 2840293305133340342, guid: 41902d91bb7fdef488dcab49c63879c0,
        type: 3}
      propertyPath: m_LocalPosition.x
      value: 0
      objectReference: {fileID: 0}
    - target: {fileID: 2840293305133340342, guid: 41902d91bb7fdef488dcab49c63879c0,
        type: 3}
      propertyPath: m_LocalPosition.y
      value: 0
      objectReference: {fileID: 0}
    - target: {fileID: 2840293305133340342, guid: 41902d91bb7fdef488dcab49c63879c0,
        type: 3}
      propertyPath: m_LocalPosition.z
      value: 0
      objectReference: {fileID: 0}
    - target: {fileID: 2840293305133340342, guid: 41902d91bb7fdef488dcab49c63879c0,
        type: 3}
      propertyPath: m_LocalRotation.x
      value: -0
      objectReference: {fileID: 0}
    - target: {fileID: 2840293305133340342, guid: 41902d91bb7fdef488dcab49c63879c0,
        type: 3}
      propertyPath: m_LocalRotation.y
      value: -0
      objectReference: {fileID: 0}
    - target: {fileID: 2840293305133340342, guid: 41902d91bb7fdef488dcab49c63879c0,
        type: 3}
      propertyPath: m_LocalRotation.z
      value: -0
      objectReference: {fileID: 0}
    - target: {fileID: 2840293305133340342, guid: 41902d91bb7fdef488dcab49c63879c0,
        type: 3}
      propertyPath: m_LocalRotation.w
      value: 1
      objectReference: {fileID: 0}
    - target: {fileID: 2840293305133340342, guid: 41902d91bb7fdef488dcab49c63879c0,
        type: 3}
      propertyPath: m_RootOrder
      value: 3
      objectReference: {fileID: 0}
    - target: {fileID: 2840293305133340342, guid: 41902d91bb7fdef488dcab49c63879c0,
        type: 3}
      propertyPath: m_LocalEulerAnglesHint.x
      value: 0
      objectReference: {fileID: 0}
    - target: {fileID: 2840293305133340342, guid: 41902d91bb7fdef488dcab49c63879c0,
        type: 3}
      propertyPath: m_LocalEulerAnglesHint.y
      value: 0
      objectReference: {fileID: 0}
    - target: {fileID: 2840293305133340342, guid: 41902d91bb7fdef488dcab49c63879c0,
        type: 3}
      propertyPath: m_LocalEulerAnglesHint.z
      value: 0
      objectReference: {fileID: 0}
    m_RemovedComponents: []
  m_SourcePrefab: {fileID: 100100000, guid: 41902d91bb7fdef488dcab49c63879c0, type: 3}
--- !u!4 &2693470548817632750 stripped
Transform:
  m_CorrespondingSourceObject: {fileID: 2840293305133340342, guid: 41902d91bb7fdef488dcab49c63879c0,
    type: 3}
  m_PrefabInstance: {fileID: 147385719456058200}
  m_PrefabAsset: {fileID: 0}
--- !u!1001 &555099785202439412
PrefabInstance:
  m_ObjectHideFlags: 0
  serializedVersion: 2
  m_Modification:
    m_TransformParent: {fileID: 5179078295896670966}
    m_Modifications:
    - target: {fileID: 1833333182126636609, guid: a44d6ff21c221f846942d6ceaa64a287,
        type: 3}
      propertyPath: m_Name
      value: fe_vil_mm_BulletinShelf_s_B
      objectReference: {fileID: 0}
    - target: {fileID: 1833333182126636609, guid: a44d6ff21c221f846942d6ceaa64a287,
        type: 3}
      propertyPath: m_IsActive
      value: 1
      objectReference: {fileID: 0}
    - target: {fileID: 1833333182127120993, guid: a44d6ff21c221f846942d6ceaa64a287,
        type: 3}
      propertyPath: m_LocalPosition.x
      value: 0
      objectReference: {fileID: 0}
    - target: {fileID: 1833333182127120993, guid: a44d6ff21c221f846942d6ceaa64a287,
        type: 3}
      propertyPath: m_LocalPosition.y
      value: 0
      objectReference: {fileID: 0}
    - target: {fileID: 1833333182127120993, guid: a44d6ff21c221f846942d6ceaa64a287,
        type: 3}
      propertyPath: m_LocalPosition.z
      value: 0
      objectReference: {fileID: 0}
    - target: {fileID: 1833333182127120993, guid: a44d6ff21c221f846942d6ceaa64a287,
        type: 3}
      propertyPath: m_LocalRotation.x
      value: -0
      objectReference: {fileID: 0}
    - target: {fileID: 1833333182127120993, guid: a44d6ff21c221f846942d6ceaa64a287,
        type: 3}
      propertyPath: m_LocalRotation.y
      value: -0
      objectReference: {fileID: 0}
    - target: {fileID: 1833333182127120993, guid: a44d6ff21c221f846942d6ceaa64a287,
        type: 3}
      propertyPath: m_LocalRotation.z
      value: -0
      objectReference: {fileID: 0}
    - target: {fileID: 1833333182127120993, guid: a44d6ff21c221f846942d6ceaa64a287,
        type: 3}
      propertyPath: m_LocalRotation.w
      value: 1
      objectReference: {fileID: 0}
    - target: {fileID: 1833333182127120993, guid: a44d6ff21c221f846942d6ceaa64a287,
        type: 3}
      propertyPath: m_RootOrder
      value: 2
      objectReference: {fileID: 0}
    - target: {fileID: 1833333182127120993, guid: a44d6ff21c221f846942d6ceaa64a287,
        type: 3}
      propertyPath: m_LocalEulerAnglesHint.x
      value: 0
      objectReference: {fileID: 0}
    - target: {fileID: 1833333182127120993, guid: a44d6ff21c221f846942d6ceaa64a287,
        type: 3}
      propertyPath: m_LocalEulerAnglesHint.y
      value: 0
      objectReference: {fileID: 0}
    - target: {fileID: 1833333182127120993, guid: a44d6ff21c221f846942d6ceaa64a287,
        type: 3}
      propertyPath: m_LocalEulerAnglesHint.z
      value: 0
      objectReference: {fileID: 0}
    m_RemovedComponents: []
  m_SourcePrefab: {fileID: 100100000, guid: a44d6ff21c221f846942d6ceaa64a287, type: 3}
--- !u!4 &2217269103750330005 stripped
Transform:
  m_CorrespondingSourceObject: {fileID: 1833333182127120993, guid: a44d6ff21c221f846942d6ceaa64a287,
    type: 3}
  m_PrefabInstance: {fileID: 555099785202439412}
  m_PrefabAsset: {fileID: 0}
--- !u!1001 &821655902137894506
PrefabInstance:
  m_ObjectHideFlags: 0
  serializedVersion: 2
  m_Modification:
    m_TransformParent: {fileID: 5179078295896670966}
    m_Modifications:
    - target: {fileID: 4526261511627790582, guid: e3c5fc2a46774d6458188aab58c97e87,
        type: 3}
      propertyPath: m_Name
      value: fe_vil_mm_BulletinLegs01_A
      objectReference: {fileID: 0}
    - target: {fileID: 4526261511628211414, guid: e3c5fc2a46774d6458188aab58c97e87,
        type: 3}
      propertyPath: m_LocalPosition.x
      value: 0
      objectReference: {fileID: 0}
    - target: {fileID: 4526261511628211414, guid: e3c5fc2a46774d6458188aab58c97e87,
        type: 3}
      propertyPath: m_LocalPosition.y
      value: 0
      objectReference: {fileID: 0}
    - target: {fileID: 4526261511628211414, guid: e3c5fc2a46774d6458188aab58c97e87,
        type: 3}
      propertyPath: m_LocalPosition.z
      value: 0
      objectReference: {fileID: 0}
    - target: {fileID: 4526261511628211414, guid: e3c5fc2a46774d6458188aab58c97e87,
        type: 3}
      propertyPath: m_LocalRotation.x
      value: -0
      objectReference: {fileID: 0}
    - target: {fileID: 4526261511628211414, guid: e3c5fc2a46774d6458188aab58c97e87,
        type: 3}
      propertyPath: m_LocalRotation.y
      value: -0
      objectReference: {fileID: 0}
    - target: {fileID: 4526261511628211414, guid: e3c5fc2a46774d6458188aab58c97e87,
        type: 3}
      propertyPath: m_LocalRotation.z
      value: -0
      objectReference: {fileID: 0}
    - target: {fileID: 4526261511628211414, guid: e3c5fc2a46774d6458188aab58c97e87,
        type: 3}
      propertyPath: m_LocalRotation.w
      value: 1
      objectReference: {fileID: 0}
    - target: {fileID: 4526261511628211414, guid: e3c5fc2a46774d6458188aab58c97e87,
        type: 3}
      propertyPath: m_RootOrder
      value: 1
      objectReference: {fileID: 0}
    - target: {fileID: 4526261511628211414, guid: e3c5fc2a46774d6458188aab58c97e87,
        type: 3}
      propertyPath: m_LocalEulerAnglesHint.x
      value: 0
      objectReference: {fileID: 0}
    - target: {fileID: 4526261511628211414, guid: e3c5fc2a46774d6458188aab58c97e87,
        type: 3}
      propertyPath: m_LocalEulerAnglesHint.y
      value: 0
      objectReference: {fileID: 0}
    - target: {fileID: 4526261511628211414, guid: e3c5fc2a46774d6458188aab58c97e87,
        type: 3}
      propertyPath: m_LocalEulerAnglesHint.z
      value: 0
      objectReference: {fileID: 0}
    m_RemovedComponents: []
  m_SourcePrefab: {fileID: 100100000, guid: e3c5fc2a46774d6458188aab58c97e87, type: 3}
--- !u!4 &3870731100721971900 stripped
Transform:
  m_CorrespondingSourceObject: {fileID: 4526261511628211414, guid: e3c5fc2a46774d6458188aab58c97e87,
    type: 3}
  m_PrefabInstance: {fileID: 821655902137894506}
  m_PrefabAsset: {fileID: 0}
--- !u!1001 &7803304810953284001
PrefabInstance:
  m_ObjectHideFlags: 0
  serializedVersion: 2
  m_Modification:
    m_TransformParent: {fileID: 5179078295896670966}
    m_Modifications:
    - target: {fileID: 2172560657972590725, guid: 6248cbbef34ddb24cb0acd2236c56e70,
        type: 3}
      propertyPath: m_Name
      value: fe_vil_mm_BulletinB_01
      objectReference: {fileID: 0}
    - target: {fileID: 2172560657972880549, guid: 6248cbbef34ddb24cb0acd2236c56e70,
        type: 3}
      propertyPath: m_LocalPosition.x
      value: 0
      objectReference: {fileID: 0}
    - target: {fileID: 2172560657972880549, guid: 6248cbbef34ddb24cb0acd2236c56e70,
        type: 3}
      propertyPath: m_LocalPosition.y
      value: 0
      objectReference: {fileID: 0}
    - target: {fileID: 2172560657972880549, guid: 6248cbbef34ddb24cb0acd2236c56e70,
        type: 3}
      propertyPath: m_LocalPosition.z
      value: 0
      objectReference: {fileID: 0}
    - target: {fileID: 2172560657972880549, guid: 6248cbbef34ddb24cb0acd2236c56e70,
        type: 3}
      propertyPath: m_LocalRotation.x
      value: -0
      objectReference: {fileID: 0}
    - target: {fileID: 2172560657972880549, guid: 6248cbbef34ddb24cb0acd2236c56e70,
        type: 3}
      propertyPath: m_LocalRotation.y
      value: -0
      objectReference: {fileID: 0}
    - target: {fileID: 2172560657972880549, guid: 6248cbbef34ddb24cb0acd2236c56e70,
        type: 3}
      propertyPath: m_LocalRotation.z
      value: -0
      objectReference: {fileID: 0}
    - target: {fileID: 2172560657972880549, guid: 6248cbbef34ddb24cb0acd2236c56e70,
        type: 3}
      propertyPath: m_LocalRotation.w
      value: 1
      objectReference: {fileID: 0}
    - target: {fileID: 2172560657972880549, guid: 6248cbbef34ddb24cb0acd2236c56e70,
        type: 3}
      propertyPath: m_RootOrder
      value: 0
      objectReference: {fileID: 0}
    - target: {fileID: 2172560657972880549, guid: 6248cbbef34ddb24cb0acd2236c56e70,
        type: 3}
      propertyPath: m_LocalEulerAnglesHint.x
      value: 0
      objectReference: {fileID: 0}
    - target: {fileID: 2172560657972880549, guid: 6248cbbef34ddb24cb0acd2236c56e70,
        type: 3}
      propertyPath: m_LocalEulerAnglesHint.y
      value: 0
      objectReference: {fileID: 0}
    - target: {fileID: 2172560657972880549, guid: 6248cbbef34ddb24cb0acd2236c56e70,
        type: 3}
      propertyPath: m_LocalEulerAnglesHint.z
      value: 0
      objectReference: {fileID: 0}
    m_RemovedComponents: []
  m_SourcePrefab: {fileID: 100100000, guid: 6248cbbef34ddb24cb0acd2236c56e70, type: 3}
--- !u!4 &8245127786826693892 stripped
Transform:
  m_CorrespondingSourceObject: {fileID: 2172560657972880549, guid: 6248cbbef34ddb24cb0acd2236c56e70,
    type: 3}
  m_PrefabInstance: {fileID: 7803304810953284001}
  m_PrefabAsset: {fileID: 0}
