%YAML 1.1
%TAG !u! tag:unity3d.com,2011:
--- !u!1 &9005687887958732238
GameObject:
  m_ObjectHideFlags: 0
  m_CorrespondingSourceObject: {fileID: 0}
  m_PrefabInstance: {fileID: 0}
  m_PrefabAsset: {fileID: 0}
  serializedVersion: 6
  m_Component:
  - component: {fileID: 9005687887959005718}
  m_Layer: 0
  m_Name: fe_vil_ter2_3X7
  m_TagString: Untagged
  m_Icon: {fileID: 0}
  m_NavMeshLayer: 0
  m_StaticEditorFlags: 0
  m_IsActive: 1
--- !u!4 &9005687887959005718
Transform:
  m_ObjectHideFlags: 0
  m_CorrespondingSourceObject: {fileID: 0}
  m_PrefabInstance: {fileID: 0}
  m_PrefabAsset: {fileID: 0}
  m_GameObject: {fileID: 9005687887958732238}
  m_LocalRotation: {x: -0, y: -0, z: -0, w: 1}
  m_LocalPosition: {x: 0, y: 0, z: 0}
  m_LocalScale: {x: 1, y: 1, z: 1}
  m_Children:
  - {fileID: 7696238995278077758}
  - {fileID: 2845074318872139722}
  - {fileID: 7083595408843759463}
  - {fileID: 4086881277734091678}
  - {fileID: 1018823820940791133}
  - {fileID: 6596568450464520878}
  - {fileID: 5455134536975154386}
  - {fileID: 8112649097535972371}
  - {fileID: 8206923606701986193}
  m_Father: {fileID: 0}
  m_RootOrder: 0
  m_LocalEulerAnglesHint: {x: 0, y: 0, z: 0}
--- !u!1001 &1018823820941187037
PrefabInstance:
  m_ObjectHideFlags: 0
  serializedVersion: 2
  m_Modification:
    m_TransformParent: {fileID: 9005687887959005718}
    m_Modifications:
    - target: {fileID: 100000, guid: 891a8cddb8c9e7947892f2b7f8c0aaba, type: 3}
      propertyPath: m_Name
      value: fi_vil_plinth_02_straight_x7
      objectReference: {fileID: 0}
    - target: {fileID: 400000, guid: 891a8cddb8c9e7947892f2b7f8c0aaba, type: 3}
      propertyPath: m_LocalPosition.x
      value: 0
      objectReference: {fileID: 0}
    - target: {fileID: 400000, guid: 891a8cddb8c9e7947892f2b7f8c0aaba, type: 3}
      propertyPath: m_LocalPosition.y
      value: 0
      objectReference: {fileID: 0}
    - target: {fileID: 400000, guid: 891a8cddb8c9e7947892f2b7f8c0aaba, type: 3}
      propertyPath: m_LocalPosition.z
      value: -3.7500002
      objectReference: {fileID: 0}
    - target: {fileID: 400000, guid: 891a8cddb8c9e7947892f2b7f8c0aaba, type: 3}
      propertyPath: m_LocalRotation.x
      value: -0
      objectReference: {fileID: 0}
    - target: {fileID: 400000, guid: 891a8cddb8c9e7947892f2b7f8c0aaba, type: 3}
      propertyPath: m_LocalRotation.y
      value: 0.7071068
      objectReference: {fileID: 0}
    - target: {fileID: 400000, guid: 891a8cddb8c9e7947892f2b7f8c0aaba, type: 3}
      propertyPath: m_LocalRotation.z
      value: -0
      objectReference: {fileID: 0}
    - target: {fileID: 400000, guid: 891a8cddb8c9e7947892f2b7f8c0aaba, type: 3}
      propertyPath: m_LocalRotation.w
      value: 0.7071068
      objectReference: {fileID: 0}
    - target: {fileID: 400000, guid: 891a8cddb8c9e7947892f2b7f8c0aaba, type: 3}
      propertyPath: m_RootOrder
      value: 4
      objectReference: {fileID: 0}
    - target: {fileID: 400000, guid: 891a8cddb8c9e7947892f2b7f8c0aaba, type: 3}
      propertyPath: m_LocalEulerAnglesHint.x
      value: 0
      objectReference: {fileID: 0}
    - target: {fileID: 400000, guid: 891a8cddb8c9e7947892f2b7f8c0aaba, type: 3}
      propertyPath: m_LocalEulerAnglesHint.y
      value: 90
      objectReference: {fileID: 0}
    - target: {fileID: 400000, guid: 891a8cddb8c9e7947892f2b7f8c0aaba, type: 3}
      propertyPath: m_LocalEulerAnglesHint.z
      value: 0
      objectReference: {fileID: 0}
    m_RemovedComponents: []
  m_SourcePrefab: {fileID: 100100000, guid: 891a8cddb8c9e7947892f2b7f8c0aaba, type: 3}
--- !u!4 &1018823820940791133 stripped
Transform:
  m_CorrespondingSourceObject: {fileID: 400000, guid: 891a8cddb8c9e7947892f2b7f8c0aaba,
    type: 3}
  m_PrefabInstance: {fileID: 1018823820941187037}
  m_PrefabAsset: {fileID: 0}
--- !u!1001 &3796349328641617198
PrefabInstance:
  m_ObjectHideFlags: 0
  serializedVersion: 2
  m_Modification:
    m_TransformParent: {fileID: 9005687887959005718}
    m_Modifications:
    - target: {fileID: 6800962168980336176, guid: 0b2c66091046a084ba29aa8c8b3211c3,
        type: 3}
      propertyPath: m_Name
      value: fe_vil_mm_stairL
      objectReference: {fileID: 0}
    - target: {fileID: 6800962168980336176, guid: 0b2c66091046a084ba29aa8c8b3211c3,
        type: 3}
      propertyPath: m_IsActive
      value: 1
      objectReference: {fileID: 0}
    - target: {fileID: 6800962168980697616, guid: 0b2c66091046a084ba29aa8c8b3211c3,
        type: 3}
      propertyPath: m_LocalPosition.x
      value: 2.5
      objectReference: {fileID: 0}
    - target: {fileID: 6800962168980697616, guid: 0b2c66091046a084ba29aa8c8b3211c3,
        type: 3}
      propertyPath: m_LocalPosition.y
      value: -3
      objectReference: {fileID: 0}
    - target: {fileID: 6800962168980697616, guid: 0b2c66091046a084ba29aa8c8b3211c3,
        type: 3}
      propertyPath: m_LocalPosition.z
      value: 4.05
      objectReference: {fileID: 0}
    - target: {fileID: 6800962168980697616, guid: 0b2c66091046a084ba29aa8c8b3211c3,
        type: 3}
      propertyPath: m_LocalRotation.x
      value: 0
      objectReference: {fileID: 0}
    - target: {fileID: 6800962168980697616, guid: 0b2c66091046a084ba29aa8c8b3211c3,
        type: 3}
      propertyPath: m_LocalRotation.y
      value: -0.7071068
      objectReference: {fileID: 0}
    - target: {fileID: 6800962168980697616, guid: 0b2c66091046a084ba29aa8c8b3211c3,
        type: 3}
      propertyPath: m_LocalRotation.z
      value: -0
      objectReference: {fileID: 0}
    - target: {fileID: 6800962168980697616, guid: 0b2c66091046a084ba29aa8c8b3211c3,
        type: 3}
      propertyPath: m_LocalRotation.w
      value: 0.7071068
      objectReference: {fileID: 0}
    - target: {fileID: 6800962168980697616, guid: 0b2c66091046a084ba29aa8c8b3211c3,
        type: 3}
      propertyPath: m_RootOrder
      value: 0
      objectReference: {fileID: 0}
    - target: {fileID: 6800962168980697616, guid: 0b2c66091046a084ba29aa8c8b3211c3,
        type: 3}
      propertyPath: m_LocalEulerAnglesHint.x
      value: 0
      objectReference: {fileID: 0}
    - target: {fileID: 6800962168980697616, guid: 0b2c66091046a084ba29aa8c8b3211c3,
        type: 3}
      propertyPath: m_LocalEulerAnglesHint.y
      value: -90
      objectReference: {fileID: 0}
    - target: {fileID: 6800962168980697616, guid: 0b2c66091046a084ba29aa8c8b3211c3,
        type: 3}
      propertyPath: m_LocalEulerAnglesHint.z
      value: 0
      objectReference: {fileID: 0}
    m_RemovedComponents: []
  m_SourcePrefab: {fileID: 100100000, guid: 0b2c66091046a084ba29aa8c8b3211c3, type: 3}
--- !u!4 &7696238995278077758 stripped
Transform:
  m_CorrespondingSourceObject: {fileID: 6800962168980697616, guid: 0b2c66091046a084ba29aa8c8b3211c3,
    type: 3}
  m_PrefabInstance: {fileID: 3796349328641617198}
  m_PrefabAsset: {fileID: 0}
--- !u!1001 &4086881277734478110
PrefabInstance:
  m_ObjectHideFlags: 0
  serializedVersion: 2
  m_Modification:
    m_TransformParent: {fileID: 9005687887959005718}
    m_Modifications:
    - target: {fileID: 100000, guid: 891a8cddb8c9e7947892f2b7f8c0aaba, type: 3}
      propertyPath: m_Name
      value: fi_vil_plinth_02_straight_x7
      objectReference: {fileID: 0}
    - target: {fileID: 400000, guid: 891a8cddb8c9e7947892f2b7f8c0aaba, type: 3}
      propertyPath: m_LocalPosition.x
      value: 0
      objectReference: {fileID: 0}
    - target: {fileID: 400000, guid: 891a8cddb8c9e7947892f2b7f8c0aaba, type: 3}
      propertyPath: m_LocalPosition.y
      value: 0
      objectReference: {fileID: 0}
    - target: {fileID: 400000, guid: 891a8cddb8c9e7947892f2b7f8c0aaba, type: 3}
      propertyPath: m_LocalPosition.z
      value: 3.7500002
      objectReference: {fileID: 0}
    - target: {fileID: 400000, guid: 891a8cddb8c9e7947892f2b7f8c0aaba, type: 3}
      propertyPath: m_LocalRotation.x
      value: 0
      objectReference: {fileID: 0}
    - target: {fileID: 400000, guid: 891a8cddb8c9e7947892f2b7f8c0aaba, type: 3}
      propertyPath: m_LocalRotation.y
      value: -0.7071068
      objectReference: {fileID: 0}
    - target: {fileID: 400000, guid: 891a8cddb8c9e7947892f2b7f8c0aaba, type: 3}
      propertyPath: m_LocalRotation.z
      value: -0
      objectReference: {fileID: 0}
    - target: {fileID: 400000, guid: 891a8cddb8c9e7947892f2b7f8c0aaba, type: 3}
      propertyPath: m_LocalRotation.w
      value: 0.7071068
      objectReference: {fileID: 0}
    - target: {fileID: 400000, guid: 891a8cddb8c9e7947892f2b7f8c0aaba, type: 3}
      propertyPath: m_RootOrder
      value: 3
      objectReference: {fileID: 0}
    - target: {fileID: 400000, guid: 891a8cddb8c9e7947892f2b7f8c0aaba, type: 3}
      propertyPath: m_LocalEulerAnglesHint.x
      value: 0
      objectReference: {fileID: 0}
    - target: {fileID: 400000, guid: 891a8cddb8c9e7947892f2b7f8c0aaba, type: 3}
      propertyPath: m_LocalEulerAnglesHint.y
      value: -90
      objectReference: {fileID: 0}
    - target: {fileID: 400000, guid: 891a8cddb8c9e7947892f2b7f8c0aaba, type: 3}
      propertyPath: m_LocalEulerAnglesHint.z
      value: 0
      objectReference: {fileID: 0}
    m_RemovedComponents: []
  m_SourcePrefab: {fileID: 100100000, guid: 891a8cddb8c9e7947892f2b7f8c0aaba, type: 3}
--- !u!4 &4086881277734091678 stripped
Transform:
  m_CorrespondingSourceObject: {fileID: 400000, guid: 891a8cddb8c9e7947892f2b7f8c0aaba,
    type: 3}
  m_PrefabInstance: {fileID: 4086881277734478110}
  m_PrefabAsset: {fileID: 0}
--- !u!1001 &4335879510165466487
PrefabInstance:
  m_ObjectHideFlags: 0
  serializedVersion: 2
  m_Modification:
    m_TransformParent: {fileID: 9005687887959005718}
    m_Modifications:
    - target: {fileID: 6800962168980336176, guid: 0b2c66091046a084ba29aa8c8b3211c3,
        type: 3}
      propertyPath: m_Name
      value: fe_vil_mm_stairL
      objectReference: {fileID: 0}
    - target: {fileID: 6800962168980336176, guid: 0b2c66091046a084ba29aa8c8b3211c3,
        type: 3}
      propertyPath: m_IsActive
      value: 1
      objectReference: {fileID: 0}
    - target: {fileID: 6800962168980697616, guid: 0b2c66091046a084ba29aa8c8b3211c3,
        type: 3}
      propertyPath: m_LocalPosition.x
      value: 9.05
      objectReference: {fileID: 0}
    - target: {fileID: 6800962168980697616, guid: 0b2c66091046a084ba29aa8c8b3211c3,
        type: 3}
      propertyPath: m_LocalPosition.y
      value: -3
      objectReference: {fileID: 0}
    - target: {fileID: 6800962168980697616, guid: 0b2c66091046a084ba29aa8c8b3211c3,
        type: 3}
      propertyPath: m_LocalPosition.z
      value: 0
      objectReference: {fileID: 0}
    - target: {fileID: 6800962168980697616, guid: 0b2c66091046a084ba29aa8c8b3211c3,
        type: 3}
      propertyPath: m_LocalRotation.x
      value: -0
      objectReference: {fileID: 0}
    - target: {fileID: 6800962168980697616, guid: 0b2c66091046a084ba29aa8c8b3211c3,
        type: 3}
      propertyPath: m_LocalRotation.y
      value: -0.0000014603136
      objectReference: {fileID: 0}
    - target: {fileID: 6800962168980697616, guid: 0b2c66091046a084ba29aa8c8b3211c3,
        type: 3}
      propertyPath: m_LocalRotation.z
      value: -0
      objectReference: {fileID: 0}
    - target: {fileID: 6800962168980697616, guid: 0b2c66091046a084ba29aa8c8b3211c3,
        type: 3}
      propertyPath: m_LocalRotation.w
      value: 1
      objectReference: {fileID: 0}
    - target: {fileID: 6800962168980697616, guid: 0b2c66091046a084ba29aa8c8b3211c3,
        type: 3}
      propertyPath: m_RootOrder
      value: 2
      objectReference: {fileID: 0}
    - target: {fileID: 6800962168980697616, guid: 0b2c66091046a084ba29aa8c8b3211c3,
        type: 3}
      propertyPath: m_LocalEulerAnglesHint.x
      value: 0
      objectReference: {fileID: 0}
    - target: {fileID: 6800962168980697616, guid: 0b2c66091046a084ba29aa8c8b3211c3,
        type: 3}
      propertyPath: m_LocalEulerAnglesHint.y
      value: 0
      objectReference: {fileID: 0}
    - target: {fileID: 6800962168980697616, guid: 0b2c66091046a084ba29aa8c8b3211c3,
        type: 3}
      propertyPath: m_LocalEulerAnglesHint.z
      value: 0
      objectReference: {fileID: 0}
    m_RemovedComponents: []
  m_SourcePrefab: {fileID: 100100000, guid: 0b2c66091046a084ba29aa8c8b3211c3, type: 3}
--- !u!4 &7083595408843759463 stripped
Transform:
  m_CorrespondingSourceObject: {fileID: 6800962168980697616, guid: 0b2c66091046a084ba29aa8c8b3211c3,
    type: 3}
  m_PrefabInstance: {fileID: 4335879510165466487}
  m_PrefabAsset: {fileID: 0}
--- !u!1001 &5455134536974755410
PrefabInstance:
  m_ObjectHideFlags: 0
  serializedVersion: 2
  m_Modification:
    m_TransformParent: {fileID: 9005687887959005718}
    m_Modifications:
    - target: {fileID: 100000, guid: 4976613bd9a441749ab410d2a583b07c, type: 3}
      propertyPath: m_Name
      value: fi_vil_plinth_02_front_x3
      objectReference: {fileID: 0}
    - target: {fileID: 400000, guid: 4976613bd9a441749ab410d2a583b07c, type: 3}
      propertyPath: m_LocalPosition.x
      value: -8.75
      objectReference: {fileID: 0}
    - target: {fileID: 400000, guid: 4976613bd9a441749ab410d2a583b07c, type: 3}
      propertyPath: m_LocalPosition.y
      value: 0
      objectReference: {fileID: 0}
    - target: {fileID: 400000, guid: 4976613bd9a441749ab410d2a583b07c, type: 3}
      propertyPath: m_LocalPosition.z
      value: 0
      objectReference: {fileID: 0}
    - target: {fileID: 400000, guid: 4976613bd9a441749ab410d2a583b07c, type: 3}
      propertyPath: m_LocalRotation.x
      value: -0
      objectReference: {fileID: 0}
    - target: {fileID: 400000, guid: 4976613bd9a441749ab410d2a583b07c, type: 3}
      propertyPath: m_LocalRotation.y
      value: 1
      objectReference: {fileID: 0}
    - target: {fileID: 400000, guid: 4976613bd9a441749ab410d2a583b07c, type: 3}
      propertyPath: m_LocalRotation.z
      value: -0
      objectReference: {fileID: 0}
    - target: {fileID: 400000, guid: 4976613bd9a441749ab410d2a583b07c, type: 3}
      propertyPath: m_LocalRotation.w
      value: 0.0000023841856
      objectReference: {fileID: 0}
    - target: {fileID: 400000, guid: 4976613bd9a441749ab410d2a583b07c, type: 3}
      propertyPath: m_RootOrder
      value: 6
      objectReference: {fileID: 0}
    - target: {fileID: 400000, guid: 4976613bd9a441749ab410d2a583b07c, type: 3}
      propertyPath: m_LocalEulerAnglesHint.x
      value: 0
      objectReference: {fileID: 0}
    - target: {fileID: 400000, guid: 4976613bd9a441749ab410d2a583b07c, type: 3}
      propertyPath: m_LocalEulerAnglesHint.y
      value: 180.00002
      objectReference: {fileID: 0}
    - target: {fileID: 400000, guid: 4976613bd9a441749ab410d2a583b07c, type: 3}
      propertyPath: m_LocalEulerAnglesHint.z
      value: 0
      objectReference: {fileID: 0}
    m_RemovedComponents: []
  m_SourcePrefab: {fileID: 100100000, guid: 4976613bd9a441749ab410d2a583b07c, type: 3}
--- !u!4 &5455134536975154386 stripped
Transform:
  m_CorrespondingSourceObject: {fileID: 400000, guid: 4976613bd9a441749ab410d2a583b07c,
    type: 3}
  m_PrefabInstance: {fileID: 5455134536974755410}
  m_PrefabAsset: {fileID: 0}
--- !u!1001 &6596568450464383022
PrefabInstance:
  m_ObjectHideFlags: 0
  serializedVersion: 2
  m_Modification:
    m_TransformParent: {fileID: 9005687887959005718}
    m_Modifications:
    - target: {fileID: 100000, guid: 4976613bd9a441749ab410d2a583b07c, type: 3}
      propertyPath: m_Name
      value: fi_vil_plinth_02_front_x3
      objectReference: {fileID: 0}
    - target: {fileID: 400000, guid: 4976613bd9a441749ab410d2a583b07c, type: 3}
      propertyPath: m_LocalPosition.x
      value: 8.75
      objectReference: {fileID: 0}
    - target: {fileID: 400000, guid: 4976613bd9a441749ab410d2a583b07c, type: 3}
      propertyPath: m_LocalPosition.y
      value: 0
      objectReference: {fileID: 0}
    - target: {fileID: 400000, guid: 4976613bd9a441749ab410d2a583b07c, type: 3}
      propertyPath: m_LocalPosition.z
      value: 0
      objectReference: {fileID: 0}
    - target: {fileID: 400000, guid: 4976613bd9a441749ab410d2a583b07c, type: 3}
      propertyPath: m_LocalRotation.x
      value: -0
      objectReference: {fileID: 0}
    - target: {fileID: 400000, guid: 4976613bd9a441749ab410d2a583b07c, type: 3}
      propertyPath: m_LocalRotation.y
      value: -0
      objectReference: {fileID: 0}
    - target: {fileID: 400000, guid: 4976613bd9a441749ab410d2a583b07c, type: 3}
      propertyPath: m_LocalRotation.z
      value: -0
      objectReference: {fileID: 0}
    - target: {fileID: 400000, guid: 4976613bd9a441749ab410d2a583b07c, type: 3}
      propertyPath: m_LocalRotation.w
      value: 1
      objectReference: {fileID: 0}
    - target: {fileID: 400000, guid: 4976613bd9a441749ab410d2a583b07c, type: 3}
      propertyPath: m_RootOrder
      value: 5
      objectReference: {fileID: 0}
    - target: {fileID: 400000, guid: 4976613bd9a441749ab410d2a583b07c, type: 3}
      propertyPath: m_LocalEulerAnglesHint.x
      value: 0
      objectReference: {fileID: 0}
    - target: {fileID: 400000, guid: 4976613bd9a441749ab410d2a583b07c, type: 3}
      propertyPath: m_LocalEulerAnglesHint.y
      value: 0
      objectReference: {fileID: 0}
    - target: {fileID: 400000, guid: 4976613bd9a441749ab410d2a583b07c, type: 3}
      propertyPath: m_LocalEulerAnglesHint.z
      value: 0
      objectReference: {fileID: 0}
    m_RemovedComponents: []
  m_SourcePrefab: {fileID: 100100000, guid: 4976613bd9a441749ab410d2a583b07c, type: 3}
--- !u!4 &6596568450464520878 stripped
Transform:
  m_CorrespondingSourceObject: {fileID: 400000, guid: 4976613bd9a441749ab410d2a583b07c,
    type: 3}
  m_PrefabInstance: {fileID: 6596568450464383022}
  m_PrefabAsset: {fileID: 0}
--- !u!1001 &8112649097535585939
PrefabInstance:
  m_ObjectHideFlags: 0
  serializedVersion: 2
  m_Modification:
    m_TransformParent: {fileID: 9005687887959005718}
    m_Modifications:
    - target: {fileID: 100000, guid: ac895743b74ec1949b4fb8753d341ab3, type: 3}
      propertyPath: m_Name
      value: fi_vil_tiles_cobblestone02_3X3
      objectReference: {fileID: 0}
    - target: {fileID: 400000, guid: ac895743b74ec1949b4fb8753d341ab3, type: 3}
      propertyPath: m_LocalPosition.x
      value: 5
      objectReference: {fileID: 0}
    - target: {fileID: 400000, guid: ac895743b74ec1949b4fb8753d341ab3, type: 3}
      propertyPath: m_LocalPosition.y
      value: 0
      objectReference: {fileID: 0}
    - target: {fileID: 400000, guid: ac895743b74ec1949b4fb8753d341ab3, type: 3}
      propertyPath: m_LocalPosition.z
      value: 0
      objectReference: {fileID: 0}
    - target: {fileID: 400000, guid: ac895743b74ec1949b4fb8753d341ab3, type: 3}
      propertyPath: m_LocalRotation.x
      value: -0
      objectReference: {fileID: 0}
    - target: {fileID: 400000, guid: ac895743b74ec1949b4fb8753d341ab3, type: 3}
      propertyPath: m_LocalRotation.y
      value: 0.7071068
      objectReference: {fileID: 0}
    - target: {fileID: 400000, guid: ac895743b74ec1949b4fb8753d341ab3, type: 3}
      propertyPath: m_LocalRotation.z
      value: -0
      objectReference: {fileID: 0}
    - target: {fileID: 400000, guid: ac895743b74ec1949b4fb8753d341ab3, type: 3}
      propertyPath: m_LocalRotation.w
      value: 0.7071068
      objectReference: {fileID: 0}
    - target: {fileID: 400000, guid: ac895743b74ec1949b4fb8753d341ab3, type: 3}
      propertyPath: m_RootOrder
      value: 7
      objectReference: {fileID: 0}
    - target: {fileID: 400000, guid: ac895743b74ec1949b4fb8753d341ab3, type: 3}
      propertyPath: m_LocalEulerAnglesHint.x
      value: 0
      objectReference: {fileID: 0}
    - target: {fileID: 400000, guid: ac895743b74ec1949b4fb8753d341ab3, type: 3}
      propertyPath: m_LocalEulerAnglesHint.y
      value: 90
      objectReference: {fileID: 0}
    - target: {fileID: 400000, guid: ac895743b74ec1949b4fb8753d341ab3, type: 3}
      propertyPath: m_LocalEulerAnglesHint.z
      value: 0
      objectReference: {fileID: 0}
    m_RemovedComponents: []
  m_SourcePrefab: {fileID: 100100000, guid: ac895743b74ec1949b4fb8753d341ab3, type: 3}
--- !u!4 &8112649097535972371 stripped
Transform:
  m_CorrespondingSourceObject: {fileID: 400000, guid: ac895743b74ec1949b4fb8753d341ab3,
    type: 3}
  m_PrefabInstance: {fileID: 8112649097535585939}
  m_PrefabAsset: {fileID: 0}
--- !u!1001 &8206923606701853457
PrefabInstance:
  m_ObjectHideFlags: 0
  serializedVersion: 2
  m_Modification:
    m_TransformParent: {fileID: 9005687887959005718}
    m_Modifications:
    - target: {fileID: 100000, guid: a01f921d08d71164aa8d70542f14d5a8, type: 3}
      propertyPath: m_Name
      value: fi_vil_tiles_cobblestone02_3X4
      objectReference: {fileID: 0}
    - target: {fileID: 400000, guid: a01f921d08d71164aa8d70542f14d5a8, type: 3}
      propertyPath: m_LocalPosition.x
      value: -3.75
      objectReference: {fileID: 0}
    - target: {fileID: 400000, guid: a01f921d08d71164aa8d70542f14d5a8, type: 3}
      propertyPath: m_LocalPosition.y
      value: 0
      objectReference: {fileID: 0}
    - target: {fileID: 400000, guid: a01f921d08d71164aa8d70542f14d5a8, type: 3}
      propertyPath: m_LocalPosition.z
      value: -0.000015736
      objectReference: {fileID: 0}
    - target: {fileID: 400000, guid: a01f921d08d71164aa8d70542f14d5a8, type: 3}
      propertyPath: m_LocalRotation.x
      value: -0
      objectReference: {fileID: 0}
    - target: {fileID: 400000, guid: a01f921d08d71164aa8d70542f14d5a8, type: 3}
      propertyPath: m_LocalRotation.y
      value: 0.70710576
      objectReference: {fileID: 0}
    - target: {fileID: 400000, guid: a01f921d08d71164aa8d70542f14d5a8, type: 3}
      propertyPath: m_LocalRotation.z
      value: -0
      objectReference: {fileID: 0}
    - target: {fileID: 400000, guid: a01f921d08d71164aa8d70542f14d5a8, type: 3}
      propertyPath: m_LocalRotation.w
      value: 0.70710784
      objectReference: {fileID: 0}
    - target: {fileID: 400000, guid: a01f921d08d71164aa8d70542f14d5a8, type: 3}
      propertyPath: m_RootOrder
      value: 8
      objectReference: {fileID: 0}
    - target: {fileID: 400000, guid: a01f921d08d71164aa8d70542f14d5a8, type: 3}
      propertyPath: m_LocalEulerAnglesHint.x
      value: 0
      objectReference: {fileID: 0}
    - target: {fileID: 400000, guid: a01f921d08d71164aa8d70542f14d5a8, type: 3}
      propertyPath: m_LocalEulerAnglesHint.y
      value: 90.00001
      objectReference: {fileID: 0}
    - target: {fileID: 400000, guid: a01f921d08d71164aa8d70542f14d5a8, type: 3}
      propertyPath: m_LocalEulerAnglesHint.z
      value: 0
      objectReference: {fileID: 0}
    m_RemovedComponents: []
  m_SourcePrefab: {fileID: 100100000, guid: a01f921d08d71164aa8d70542f14d5a8, type: 3}
--- !u!4 &8206923606701986193 stripped
Transform:
  m_CorrespondingSourceObject: {fileID: 400000, guid: a01f921d08d71164aa8d70542f14d5a8,
    type: 3}
  m_PrefabInstance: {fileID: 8206923606701853457}
  m_PrefabAsset: {fileID: 0}
--- !u!1001 &8726396129614439898
PrefabInstance:
  m_ObjectHideFlags: 0
  serializedVersion: 2
  m_Modification:
    m_TransformParent: {fileID: 9005687887959005718}
    m_Modifications:
    - target: {fileID: 6800962168980336176, guid: 0b2c66091046a084ba29aa8c8b3211c3,
        type: 3}
      propertyPath: m_Name
      value: fe_vil_mm_stairL
      objectReference: {fileID: 0}
    - target: {fileID: 6800962168980336176, guid: 0b2c66091046a084ba29aa8c8b3211c3,
        type: 3}
      propertyPath: m_IsActive
      value: 1
      objectReference: {fileID: 0}
    - target: {fileID: 6800962168980697616, guid: 0b2c66091046a084ba29aa8c8b3211c3,
        type: 3}
      propertyPath: m_LocalPosition.x
      value: 2.5
      objectReference: {fileID: 0}
    - target: {fileID: 6800962168980697616, guid: 0b2c66091046a084ba29aa8c8b3211c3,
        type: 3}
      propertyPath: m_LocalPosition.y
      value: -3
      objectReference: {fileID: 0}
    - target: {fileID: 6800962168980697616, guid: 0b2c66091046a084ba29aa8c8b3211c3,
        type: 3}
      propertyPath: m_LocalPosition.z
      value: -4.05
      objectReference: {fileID: 0}
    - target: {fileID: 6800962168980697616, guid: 0b2c66091046a084ba29aa8c8b3211c3,
        type: 3}
      propertyPath: m_LocalRotation.x
      value: -0
      objectReference: {fileID: 0}
    - target: {fileID: 6800962168980697616, guid: 0b2c66091046a084ba29aa8c8b3211c3,
        type: 3}
      propertyPath: m_LocalRotation.y
      value: 0.7071068
      objectReference: {fileID: 0}
    - target: {fileID: 6800962168980697616, guid: 0b2c66091046a084ba29aa8c8b3211c3,
        type: 3}
      propertyPath: m_LocalRotation.z
      value: -0
      objectReference: {fileID: 0}
    - target: {fileID: 6800962168980697616, guid: 0b2c66091046a084ba29aa8c8b3211c3,
        type: 3}
      propertyPath: m_LocalRotation.w
      value: 0.7071068
      objectReference: {fileID: 0}
    - target: {fileID: 6800962168980697616, guid: 0b2c66091046a084ba29aa8c8b3211c3,
        type: 3}
      propertyPath: m_RootOrder
      value: 1
      objectReference: {fileID: 0}
    - target: {fileID: 6800962168980697616, guid: 0b2c66091046a084ba29aa8c8b3211c3,
        type: 3}
      propertyPath: m_LocalEulerAnglesHint.x
      value: 0
      objectReference: {fileID: 0}
    - target: {fileID: 6800962168980697616, guid: 0b2c66091046a084ba29aa8c8b3211c3,
        type: 3}
      propertyPath: m_LocalEulerAnglesHint.y
      value: 90
      objectReference: {fileID: 0}
    - target: {fileID: 6800962168980697616, guid: 0b2c66091046a084ba29aa8c8b3211c3,
        type: 3}
      propertyPath: m_LocalEulerAnglesHint.z
      value: 0
      objectReference: {fileID: 0}
    m_RemovedComponents: []
  m_SourcePrefab: {fileID: 100100000, guid: 0b2c66091046a084ba29aa8c8b3211c3, type: 3}
--- !u!4 &2845074318872139722 stripped
Transform:
  m_CorrespondingSourceObject: {fileID: 6800962168980697616, guid: 0b2c66091046a084ba29aa8c8b3211c3,
    type: 3}
  m_PrefabInstance: {fileID: 8726396129614439898}
  m_PrefabAsset: {fileID: 0}
