%YAML 1.1
%TAG !u! tag:unity3d.com,2011:
--- !u!1 &5266290868048152184
GameObject:
  m_ObjectHideFlags: 0
  m_CorrespondingSourceObject: {fileID: 0}
  m_PrefabInstance: {fileID: 0}
  m_PrefabAsset: {fileID: 0}
  serializedVersion: 6
  m_Component:
  - component: {fileID: 647073726638942955}
  - component: {fileID: 2756261836520742975}
  - component: {fileID: 2854502575903839954}
  - component: {fileID: 2946487491165934328}
  m_Layer: 0
  m_Name: fi_vil_plinth_02_straight_x2
  m_TagString: Untagged
  m_Icon: {fileID: 0}
  m_NavMeshLayer: 0
  m_StaticEditorFlags: 0
  m_IsActive: 1
--- !u!4 &647073726638942955
Transform:
  m_ObjectHideFlags: 0
  m_CorrespondingSourceObject: {fileID: 0}
  m_PrefabInstance: {fileID: 0}
  m_PrefabAsset: {fileID: 0}
  m_GameObject: {fileID: 5266290868048152184}
  m_LocalRotation: {x: -0, y: 1, z: -0, w: 0.0000029504295}
  m_LocalPosition: {x: -6.25, y: 0, z: 0}
  m_LocalScale: {x: 1, y: 1, z: 1}
  m_Children: []
  m_Father: {fileID: 7951048886501328702}
  m_RootOrder: 3
  m_LocalEulerAnglesHint: {x: 0, y: 180.00002, z: 0}
--- !u!33 &2756261836520742975
MeshFilter:
  m_ObjectHideFlags: 0
  m_CorrespondingSourceObject: {fileID: 0}
  m_PrefabInstance: {fileID: 0}
  m_PrefabAsset: {fileID: 0}
  m_GameObject: {fileID: 5266290868048152184}
  m_Mesh: {fileID: 4300000, guid: d9da3c4cbd7931c4c9f4e403e5c64185, type: 3}
--- !u!23 &2854502575903839954
MeshRenderer:
  m_ObjectHideFlags: 0
  m_CorrespondingSourceObject: {fileID: 0}
  m_PrefabInstance: {fileID: 0}
  m_PrefabAsset: {fileID: 0}
  m_GameObject: {fileID: 5266290868048152184}
  m_Enabled: 1
  m_CastShadows: 1
  m_ReceiveShadows: 1
  m_DynamicOccludee: 1
  m_MotionVectors: 1
  m_LightProbeUsage: 0
  m_ReflectionProbeUsage: 1
  m_RenderingLayerMask: 1
  m_RendererPriority: 0
  m_Materials:
  - {fileID: 2100000, guid: 2c4401510f3cbe944a203a24e7eb59b0, type: 2}
  m_StaticBatchInfo:
    firstSubMesh: 0
    subMeshCount: 0
  m_StaticBatchRoot: {fileID: 0}
  m_ProbeAnchor: {fileID: 0}
  m_LightProbeVolumeOverride: {fileID: 0}
  m_ScaleInLightmap: 1
  m_PreserveUVs: 0
  m_IgnoreNormalsForChartDetection: 0
  m_ImportantGI: 0
  m_StitchLightmapSeams: 0
  m_SelectedEditorRenderState: 3
  m_MinimumChartSize: 4
  m_AutoUVMaxDistance: 0.5
  m_AutoUVMaxAngle: 89
  m_LightmapParameters: {fileID: 0}
  m_SortingLayerID: 0
  m_SortingLayer: 0
  m_SortingOrder: 0
--- !u!64 &2946487491165934328
MeshCollider:
  m_ObjectHideFlags: 0
  m_CorrespondingSourceObject: {fileID: 0}
  m_PrefabInstance: {fileID: 0}
  m_PrefabAsset: {fileID: 0}
  m_GameObject: {fileID: 5266290868048152184}
  m_Material: {fileID: 0}
  m_IsTrigger: 0
  m_Enabled: 1
  serializedVersion: 3
  m_Convex: 0
  m_CookingOptions: 14
  m_Mesh: {fileID: 4300000, guid: d9da3c4cbd7931c4c9f4e403e5c64185, type: 3}
--- !u!1 &7951048886501059042
GameObject:
  m_ObjectHideFlags: 0
  m_CorrespondingSourceObject: {fileID: 0}
  m_PrefabInstance: {fileID: 0}
  m_PrefabAsset: {fileID: 0}
  serializedVersion: 6
  m_Component:
  - component: {fileID: 7951048886501270408}
  - component: {fileID: 7951048886499955558}
  - component: {fileID: 7951048886498886298}
  - component: {fileID: 7951048886503206360}
  m_Layer: 0
  m_Name: fi_vil_plinth_02_front_x5
  m_TagString: Untagged
  m_Icon: {fileID: 0}
  m_NavMeshLayer: 0
  m_StaticEditorFlags: 0
  m_IsActive: 1
--- !u!4 &7951048886501270408
Transform:
  m_ObjectHideFlags: 0
  m_CorrespondingSourceObject: {fileID: 0}
  m_PrefabInstance: {fileID: 0}
  m_PrefabAsset: {fileID: 0}
  m_GameObject: {fileID: 7951048886501059042}
  m_LocalRotation: {x: 0, y: 0.7071068, z: 0, w: 0.7071067}
  m_LocalPosition: {x: 0, y: 0, z: -2.5}
  m_LocalScale: {x: 1, y: 1, z: 1}
  m_Children: []
  m_Father: {fileID: 7951048886501328702}
  m_RootOrder: 0
  m_LocalEulerAnglesHint: {x: 0, y: 0, z: 0}
--- !u!33 &7951048886499955558
MeshFilter:
  m_ObjectHideFlags: 0
  m_CorrespondingSourceObject: {fileID: 0}
  m_PrefabInstance: {fileID: 0}
  m_PrefabAsset: {fileID: 0}
  m_GameObject: {fileID: 7951048886501059042}
  m_Mesh: {fileID: 4300000, guid: c065930823001ad49ba2dd8bfbad5eb6, type: 3}
--- !u!23 &7951048886498886298
MeshRenderer:
  m_ObjectHideFlags: 0
  m_CorrespondingSourceObject: {fileID: 0}
  m_PrefabInstance: {fileID: 0}
  m_PrefabAsset: {fileID: 0}
  m_GameObject: {fileID: 7951048886501059042}
  m_Enabled: 1
  m_CastShadows: 1
  m_ReceiveShadows: 1
  m_DynamicOccludee: 1
  m_MotionVectors: 1
  m_LightProbeUsage: 0
  m_ReflectionProbeUsage: 1
  m_RenderingLayerMask: 1
  m_RendererPriority: 0
  m_Materials:
  - {fileID: 2100000, guid: 2c4401510f3cbe944a203a24e7eb59b0, type: 2}
  m_StaticBatchInfo:
    firstSubMesh: 0
    subMeshCount: 0
  m_StaticBatchRoot: {fileID: 0}
  m_ProbeAnchor: {fileID: 0}
  m_LightProbeVolumeOverride: {fileID: 0}
  m_ScaleInLightmap: 1
  m_PreserveUVs: 0
  m_IgnoreNormalsForChartDetection: 0
  m_ImportantGI: 0
  m_StitchLightmapSeams: 0
  m_SelectedEditorRenderState: 3
  m_MinimumChartSize: 4
  m_AutoUVMaxDistance: 0.5
  m_AutoUVMaxAngle: 89
  m_LightmapParameters: {fileID: 0}
  m_SortingLayerID: 0
  m_SortingLayer: 0
  m_SortingOrder: 0
--- !u!64 &7951048886503206360
MeshCollider:
  m_ObjectHideFlags: 0
  m_CorrespondingSourceObject: {fileID: 0}
  m_PrefabInstance: {fileID: 0}
  m_PrefabAsset: {fileID: 0}
  m_GameObject: {fileID: 7951048886501059042}
  m_Material: {fileID: 0}
  m_IsTrigger: 0
  m_Enabled: 1
  serializedVersion: 3
  m_Convex: 0
  m_CookingOptions: 14
  m_Mesh: {fileID: 4300000, guid: c065930823001ad49ba2dd8bfbad5eb6, type: 3}
--- !u!1 &7951048886501076260
GameObject:
  m_ObjectHideFlags: 0
  m_CorrespondingSourceObject: {fileID: 0}
  m_PrefabInstance: {fileID: 0}
  m_PrefabAsset: {fileID: 0}
  serializedVersion: 6
  m_Component:
  - component: {fileID: 7951048886501335990}
  - component: {fileID: 7951048886499951546}
  - component: {fileID: 7951048886499384744}
  - component: {fileID: 7951048886503222442}
  m_Layer: 0
  m_Name: fi_vil_plinth_02_front_x5
  m_TagString: Untagged
  m_Icon: {fileID: 0}
  m_NavMeshLayer: 0
  m_StaticEditorFlags: 0
  m_IsActive: 1
--- !u!4 &7951048886501335990
Transform:
  m_ObjectHideFlags: 0
  m_CorrespondingSourceObject: {fileID: 0}
  m_PrefabInstance: {fileID: 0}
  m_PrefabAsset: {fileID: 0}
  m_GameObject: {fileID: 7951048886501076260}
  m_LocalRotation: {x: 0, y: -0.7071068, z: 0, w: 0.7071067}
  m_LocalPosition: {x: 0, y: 0, z: 2.5}
  m_LocalScale: {x: 1, y: 1, z: 1}
  m_Children: []
  m_Father: {fileID: 7951048886501328702}
  m_RootOrder: 1
  m_LocalEulerAnglesHint: {x: 0, y: 0, z: 0}
--- !u!33 &7951048886499951546
MeshFilter:
  m_ObjectHideFlags: 0
  m_CorrespondingSourceObject: {fileID: 0}
  m_PrefabInstance: {fileID: 0}
  m_PrefabAsset: {fileID: 0}
  m_GameObject: {fileID: 7951048886501076260}
  m_Mesh: {fileID: 4300000, guid: c065930823001ad49ba2dd8bfbad5eb6, type: 3}
--- !u!23 &7951048886499384744
MeshRenderer:
  m_ObjectHideFlags: 0
  m_CorrespondingSourceObject: {fileID: 0}
  m_PrefabInstance: {fileID: 0}
  m_PrefabAsset: {fileID: 0}
  m_GameObject: {fileID: 7951048886501076260}
  m_Enabled: 1
  m_CastShadows: 1
  m_ReceiveShadows: 1
  m_DynamicOccludee: 1
  m_MotionVectors: 1
  m_LightProbeUsage: 0
  m_ReflectionProbeUsage: 1
  m_RenderingLayerMask: 1
  m_RendererPriority: 0
  m_Materials:
  - {fileID: 2100000, guid: 2c4401510f3cbe944a203a24e7eb59b0, type: 2}
  m_StaticBatchInfo:
    firstSubMesh: 0
    subMeshCount: 0
  m_StaticBatchRoot: {fileID: 0}
  m_ProbeAnchor: {fileID: 0}
  m_LightProbeVolumeOverride: {fileID: 0}
  m_ScaleInLightmap: 1
  m_PreserveUVs: 0
  m_IgnoreNormalsForChartDetection: 0
  m_ImportantGI: 0
  m_StitchLightmapSeams: 0
  m_SelectedEditorRenderState: 3
  m_MinimumChartSize: 4
  m_AutoUVMaxDistance: 0.5
  m_AutoUVMaxAngle: 89
  m_LightmapParameters: {fileID: 0}
  m_SortingLayerID: 0
  m_SortingLayer: 0
  m_SortingOrder: 0
--- !u!64 &7951048886503222442
MeshCollider:
  m_ObjectHideFlags: 0
  m_CorrespondingSourceObject: {fileID: 0}
  m_PrefabInstance: {fileID: 0}
  m_PrefabAsset: {fileID: 0}
  m_GameObject: {fileID: 7951048886501076260}
  m_Material: {fileID: 0}
  m_IsTrigger: 0
  m_Enabled: 1
  serializedVersion: 3
  m_Convex: 0
  m_CookingOptions: 14
  m_Mesh: {fileID: 4300000, guid: c065930823001ad49ba2dd8bfbad5eb6, type: 3}
--- !u!1 &7951048886501080054
GameObject:
  m_ObjectHideFlags: 0
  m_CorrespondingSourceObject: {fileID: 0}
  m_PrefabInstance: {fileID: 0}
  m_PrefabAsset: {fileID: 0}
  serializedVersion: 6
  m_Component:
  - component: {fileID: 7951048886501289448}
  - component: {fileID: 7951048886500023032}
  - component: {fileID: 7951048886498903694}
  - component: {fileID: 7951048886503202304}
  m_Layer: 0
  m_Name: fi_vil_plinth_02_straight_x2
  m_TagString: Untagged
  m_Icon: {fileID: 0}
  m_NavMeshLayer: 0
  m_StaticEditorFlags: 0
  m_IsActive: 1
--- !u!4 &7951048886501289448
Transform:
  m_ObjectHideFlags: 0
  m_CorrespondingSourceObject: {fileID: 0}
  m_PrefabInstance: {fileID: 0}
  m_PrefabAsset: {fileID: 0}
  m_GameObject: {fileID: 7951048886501080054}
  m_LocalRotation: {x: 0, y: 0, z: 0, w: 1}
  m_LocalPosition: {x: 6.25, y: 0, z: 0}
  m_LocalScale: {x: 1, y: 1, z: 1}
  m_Children: []
  m_Father: {fileID: 7951048886501328702}
  m_RootOrder: 2
  m_LocalEulerAnglesHint: {x: 0, y: 0, z: 0}
--- !u!33 &7951048886500023032
MeshFilter:
  m_ObjectHideFlags: 0
  m_CorrespondingSourceObject: {fileID: 0}
  m_PrefabInstance: {fileID: 0}
  m_PrefabAsset: {fileID: 0}
  m_GameObject: {fileID: 7951048886501080054}
  m_Mesh: {fileID: 4300000, guid: d9da3c4cbd7931c4c9f4e403e5c64185, type: 3}
--- !u!23 &7951048886498903694
MeshRenderer:
  m_ObjectHideFlags: 0
  m_CorrespondingSourceObject: {fileID: 0}
  m_PrefabInstance: {fileID: 0}
  m_PrefabAsset: {fileID: 0}
  m_GameObject: {fileID: 7951048886501080054}
  m_Enabled: 1
  m_CastShadows: 1
  m_ReceiveShadows: 1
  m_DynamicOccludee: 1
  m_MotionVectors: 1
  m_LightProbeUsage: 0
  m_ReflectionProbeUsage: 1
  m_RenderingLayerMask: 1
  m_RendererPriority: 0
  m_Materials:
  - {fileID: 2100000, guid: 2c4401510f3cbe944a203a24e7eb59b0, type: 2}
  m_StaticBatchInfo:
    firstSubMesh: 0
    subMeshCount: 0
  m_StaticBatchRoot: {fileID: 0}
  m_ProbeAnchor: {fileID: 0}
  m_LightProbeVolumeOverride: {fileID: 0}
  m_ScaleInLightmap: 1
  m_PreserveUVs: 0
  m_IgnoreNormalsForChartDetection: 0
  m_ImportantGI: 0
  m_StitchLightmapSeams: 0
  m_SelectedEditorRenderState: 3
  m_MinimumChartSize: 4
  m_AutoUVMaxDistance: 0.5
  m_AutoUVMaxAngle: 89
  m_LightmapParameters: {fileID: 0}
  m_SortingLayerID: 0
  m_SortingLayer: 0
  m_SortingOrder: 0
--- !u!64 &7951048886503202304
MeshCollider:
  m_ObjectHideFlags: 0
  m_CorrespondingSourceObject: {fileID: 0}
  m_PrefabInstance: {fileID: 0}
  m_PrefabAsset: {fileID: 0}
  m_GameObject: {fileID: 7951048886501080054}
  m_Material: {fileID: 0}
  m_IsTrigger: 0
  m_Enabled: 1
  serializedVersion: 3
  m_Convex: 0
  m_CookingOptions: 14
  m_Mesh: {fileID: 4300000, guid: d9da3c4cbd7931c4c9f4e403e5c64185, type: 3}
--- !u!1 &7951048886501093606
GameObject:
  m_ObjectHideFlags: 0
  m_CorrespondingSourceObject: {fileID: 0}
  m_PrefabInstance: {fileID: 0}
  m_PrefabAsset: {fileID: 0}
  serializedVersion: 6
  m_Component:
  - component: {fileID: 7951048886501328702}
  m_Layer: 0
  m_Name: fe_vil_ter_2X5
  m_TagString: Untagged
  m_Icon: {fileID: 0}
  m_NavMeshLayer: 0
  m_StaticEditorFlags: 0
  m_IsActive: 1
--- !u!4 &7951048886501328702
Transform:
  m_ObjectHideFlags: 0
  m_CorrespondingSourceObject: {fileID: 0}
  m_PrefabInstance: {fileID: 0}
  m_PrefabAsset: {fileID: 0}
  m_GameObject: {fileID: 7951048886501093606}
  m_LocalRotation: {x: -0, y: -0, z: -0, w: 1}
  m_LocalPosition: {x: 0, y: 0, z: 0}
  m_LocalScale: {x: 1, y: 1, z: 1}
  m_Children:
  - {fileID: 7951048886501270408}
  - {fileID: 7951048886501335990}
  - {fileID: 7951048886501289448}
  - {fileID: 647073726638942955}
  - {fileID: 4440819868708731684}
  - {fileID: 8675029269161165334}
  - {fileID: 4395480689940896774}
  - {fileID: 8775723593243399339}
  m_Father: {fileID: 0}
  m_RootOrder: 0
  m_LocalEulerAnglesHint: {x: 0, y: 0, z: 0}
--- !u!1001 &2738815463386591238
PrefabInstance:
  m_ObjectHideFlags: 0
  serializedVersion: 2
  m_Modification:
    m_TransformParent: {fileID: 7951048886501328702}
    m_Modifications:
    - target: {fileID: 6800962168980336176, guid: 0b2c66091046a084ba29aa8c8b3211c3,
        type: 3}
      propertyPath: m_Name
      value: fe_vil_mm_stairL
      objectReference: {fileID: 0}
    - target: {fileID: 6800962168980336176, guid: 0b2c66091046a084ba29aa8c8b3211c3,
        type: 3}
      propertyPath: m_IsActive
      value: 1
      objectReference: {fileID: 0}
    - target: {fileID: 6800962168980697616, guid: 0b2c66091046a084ba29aa8c8b3211c3,
        type: 3}
      propertyPath: m_LocalPosition.x
      value: 0
      objectReference: {fileID: 0}
    - target: {fileID: 6800962168980697616, guid: 0b2c66091046a084ba29aa8c8b3211c3,
        type: 3}
      propertyPath: m_LocalPosition.y
      value: -3
      objectReference: {fileID: 0}
    - target: {fileID: 6800962168980697616, guid: 0b2c66091046a084ba29aa8c8b3211c3,
        type: 3}
      propertyPath: m_LocalPosition.z
      value: 2.8
      objectReference: {fileID: 0}
    - target: {fileID: 6800962168980697616, guid: 0b2c66091046a084ba29aa8c8b3211c3,
        type: 3}
      propertyPath: m_LocalRotation.x
      value: 0
      objectReference: {fileID: 0}
    - target: {fileID: 6800962168980697616, guid: 0b2c66091046a084ba29aa8c8b3211c3,
        type: 3}
      propertyPath: m_LocalRotation.y
      value: -0.7071068
      objectReference: {fileID: 0}
    - target: {fileID: 6800962168980697616, guid: 0b2c66091046a084ba29aa8c8b3211c3,
        type: 3}
      propertyPath: m_LocalRotation.z
      value: -0
      objectReference: {fileID: 0}
    - target: {fileID: 6800962168980697616, guid: 0b2c66091046a084ba29aa8c8b3211c3,
        type: 3}
      propertyPath: m_LocalRotation.w
      value: 0.7071068
      objectReference: {fileID: 0}
    - target: {fileID: 6800962168980697616, guid: 0b2c66091046a084ba29aa8c8b3211c3,
        type: 3}
      propertyPath: m_RootOrder
      value: 5
      objectReference: {fileID: 0}
    - target: {fileID: 6800962168980697616, guid: 0b2c66091046a084ba29aa8c8b3211c3,
        type: 3}
      propertyPath: m_LocalEulerAnglesHint.x
      value: 0
      objectReference: {fileID: 0}
    - target: {fileID: 6800962168980697616, guid: 0b2c66091046a084ba29aa8c8b3211c3,
        type: 3}
      propertyPath: m_LocalEulerAnglesHint.y
      value: -90
      objectReference: {fileID: 0}
    - target: {fileID: 6800962168980697616, guid: 0b2c66091046a084ba29aa8c8b3211c3,
        type: 3}
      propertyPath: m_LocalEulerAnglesHint.z
      value: 0
      objectReference: {fileID: 0}
    m_RemovedComponents: []
  m_SourcePrefab: {fileID: 100100000, guid: 0b2c66091046a084ba29aa8c8b3211c3, type: 3}
--- !u!4 &8675029269161165334 stripped
Transform:
  m_CorrespondingSourceObject: {fileID: 6800962168980697616, guid: 0b2c66091046a084ba29aa8c8b3211c3,
    type: 3}
  m_PrefabInstance: {fileID: 2738815463386591238}
  m_PrefabAsset: {fileID: 0}
--- !u!1001 &2857671488331278011
PrefabInstance:
  m_ObjectHideFlags: 0
  serializedVersion: 2
  m_Modification:
    m_TransformParent: {fileID: 7951048886501328702}
    m_Modifications:
    - target: {fileID: 6800962168980336176, guid: 0b2c66091046a084ba29aa8c8b3211c3,
        type: 3}
      propertyPath: m_Name
      value: fe_vil_mm_stairL
      objectReference: {fileID: 0}
    - target: {fileID: 6800962168980336176, guid: 0b2c66091046a084ba29aa8c8b3211c3,
        type: 3}
      propertyPath: m_IsActive
      value: 1
      objectReference: {fileID: 0}
    - target: {fileID: 6800962168980697616, guid: 0b2c66091046a084ba29aa8c8b3211c3,
        type: 3}
      propertyPath: m_LocalPosition.x
      value: 6.55
      objectReference: {fileID: 0}
    - target: {fileID: 6800962168980697616, guid: 0b2c66091046a084ba29aa8c8b3211c3,
        type: 3}
      propertyPath: m_LocalPosition.y
      value: -3
      objectReference: {fileID: 0}
    - target: {fileID: 6800962168980697616, guid: 0b2c66091046a084ba29aa8c8b3211c3,
        type: 3}
      propertyPath: m_LocalPosition.z
      value: 0
      objectReference: {fileID: 0}
    - target: {fileID: 6800962168980697616, guid: 0b2c66091046a084ba29aa8c8b3211c3,
        type: 3}
      propertyPath: m_LocalRotation.x
      value: -0
      objectReference: {fileID: 0}
    - target: {fileID: 6800962168980697616, guid: 0b2c66091046a084ba29aa8c8b3211c3,
        type: 3}
      propertyPath: m_LocalRotation.y
      value: -0.0000014603136
      objectReference: {fileID: 0}
    - target: {fileID: 6800962168980697616, guid: 0b2c66091046a084ba29aa8c8b3211c3,
        type: 3}
      propertyPath: m_LocalRotation.z
      value: -0
      objectReference: {fileID: 0}
    - target: {fileID: 6800962168980697616, guid: 0b2c66091046a084ba29aa8c8b3211c3,
        type: 3}
      propertyPath: m_LocalRotation.w
      value: 1
      objectReference: {fileID: 0}
    - target: {fileID: 6800962168980697616, guid: 0b2c66091046a084ba29aa8c8b3211c3,
        type: 3}
      propertyPath: m_RootOrder
      value: 7
      objectReference: {fileID: 0}
    - target: {fileID: 6800962168980697616, guid: 0b2c66091046a084ba29aa8c8b3211c3,
        type: 3}
      propertyPath: m_LocalEulerAnglesHint.x
      value: 0
      objectReference: {fileID: 0}
    - target: {fileID: 6800962168980697616, guid: 0b2c66091046a084ba29aa8c8b3211c3,
        type: 3}
      propertyPath: m_LocalEulerAnglesHint.y
      value: 0
      objectReference: {fileID: 0}
    - target: {fileID: 6800962168980697616, guid: 0b2c66091046a084ba29aa8c8b3211c3,
        type: 3}
      propertyPath: m_LocalEulerAnglesHint.z
      value: 0
      objectReference: {fileID: 0}
    m_RemovedComponents: []
  m_SourcePrefab: {fileID: 100100000, guid: 0b2c66091046a084ba29aa8c8b3211c3, type: 3}
--- !u!4 &8775723593243399339 stripped
Transform:
  m_CorrespondingSourceObject: {fileID: 6800962168980697616, guid: 0b2c66091046a084ba29aa8c8b3211c3,
    type: 3}
  m_PrefabInstance: {fileID: 2857671488331278011}
  m_PrefabAsset: {fileID: 0}
--- !u!1001 &4440819868709118372
PrefabInstance:
  m_ObjectHideFlags: 0
  serializedVersion: 2
  m_Modification:
    m_TransformParent: {fileID: 7951048886501328702}
    m_Modifications:
    - target: {fileID: 100000, guid: 31d4ff6b73582da49af834b9bdbde254, type: 3}
      propertyPath: m_Name
      value: fi_vil_tiles_cobblestone02_2X5
      objectReference: {fileID: 0}
    - target: {fileID: 400000, guid: 31d4ff6b73582da49af834b9bdbde254, type: 3}
      propertyPath: m_LocalPosition.x
      value: 0
      objectReference: {fileID: 0}
    - target: {fileID: 400000, guid: 31d4ff6b73582da49af834b9bdbde254, type: 3}
      propertyPath: m_LocalPosition.y
      value: 0
      objectReference: {fileID: 0}
    - target: {fileID: 400000, guid: 31d4ff6b73582da49af834b9bdbde254, type: 3}
      propertyPath: m_LocalPosition.z
      value: 0
      objectReference: {fileID: 0}
    - target: {fileID: 400000, guid: 31d4ff6b73582da49af834b9bdbde254, type: 3}
      propertyPath: m_LocalRotation.x
      value: -0
      objectReference: {fileID: 0}
    - target: {fileID: 400000, guid: 31d4ff6b73582da49af834b9bdbde254, type: 3}
      propertyPath: m_LocalRotation.y
      value: 0.7071068
      objectReference: {fileID: 0}
    - target: {fileID: 400000, guid: 31d4ff6b73582da49af834b9bdbde254, type: 3}
      propertyPath: m_LocalRotation.z
      value: -0
      objectReference: {fileID: 0}
    - target: {fileID: 400000, guid: 31d4ff6b73582da49af834b9bdbde254, type: 3}
      propertyPath: m_LocalRotation.w
      value: 0.7071068
      objectReference: {fileID: 0}
    - target: {fileID: 400000, guid: 31d4ff6b73582da49af834b9bdbde254, type: 3}
      propertyPath: m_RootOrder
      value: 4
      objectReference: {fileID: 0}
    - target: {fileID: 400000, guid: 31d4ff6b73582da49af834b9bdbde254, type: 3}
      propertyPath: m_LocalEulerAnglesHint.x
      value: 0
      objectReference: {fileID: 0}
    - target: {fileID: 400000, guid: 31d4ff6b73582da49af834b9bdbde254, type: 3}
      propertyPath: m_LocalEulerAnglesHint.y
      value: 90
      objectReference: {fileID: 0}
    - target: {fileID: 400000, guid: 31d4ff6b73582da49af834b9bdbde254, type: 3}
      propertyPath: m_LocalEulerAnglesHint.z
      value: 0
      objectReference: {fileID: 0}
    m_RemovedComponents: []
  m_SourcePrefab: {fileID: 100100000, guid: 31d4ff6b73582da49af834b9bdbde254, type: 3}
--- !u!4 &4440819868708731684 stripped
Transform:
  m_CorrespondingSourceObject: {fileID: 400000, guid: 31d4ff6b73582da49af834b9bdbde254,
    type: 3}
  m_PrefabInstance: {fileID: 4440819868709118372}
  m_PrefabAsset: {fileID: 0}
--- !u!1001 &7106184785129827862
PrefabInstance:
  m_ObjectHideFlags: 0
  serializedVersion: 2
  m_Modification:
    m_TransformParent: {fileID: 7951048886501328702}
    m_Modifications:
    - target: {fileID: 6800962168980336176, guid: 0b2c66091046a084ba29aa8c8b3211c3,
        type: 3}
      propertyPath: m_Name
      value: fe_vil_mm_stairL
      objectReference: {fileID: 0}
    - target: {fileID: 6800962168980336176, guid: 0b2c66091046a084ba29aa8c8b3211c3,
        type: 3}
      propertyPath: m_IsActive
      value: 1
      objectReference: {fileID: 0}
    - target: {fileID: 6800962168980697616, guid: 0b2c66091046a084ba29aa8c8b3211c3,
        type: 3}
      propertyPath: m_LocalPosition.x
      value: 0
      objectReference: {fileID: 0}
    - target: {fileID: 6800962168980697616, guid: 0b2c66091046a084ba29aa8c8b3211c3,
        type: 3}
      propertyPath: m_LocalPosition.y
      value: -3
      objectReference: {fileID: 0}
    - target: {fileID: 6800962168980697616, guid: 0b2c66091046a084ba29aa8c8b3211c3,
        type: 3}
      propertyPath: m_LocalPosition.z
      value: -2.8
      objectReference: {fileID: 0}
    - target: {fileID: 6800962168980697616, guid: 0b2c66091046a084ba29aa8c8b3211c3,
        type: 3}
      propertyPath: m_LocalRotation.x
      value: -0
      objectReference: {fileID: 0}
    - target: {fileID: 6800962168980697616, guid: 0b2c66091046a084ba29aa8c8b3211c3,
        type: 3}
      propertyPath: m_LocalRotation.y
      value: 0.7071068
      objectReference: {fileID: 0}
    - target: {fileID: 6800962168980697616, guid: 0b2c66091046a084ba29aa8c8b3211c3,
        type: 3}
      propertyPath: m_LocalRotation.z
      value: -0
      objectReference: {fileID: 0}
    - target: {fileID: 6800962168980697616, guid: 0b2c66091046a084ba29aa8c8b3211c3,
        type: 3}
      propertyPath: m_LocalRotation.w
      value: 0.7071068
      objectReference: {fileID: 0}
    - target: {fileID: 6800962168980697616, guid: 0b2c66091046a084ba29aa8c8b3211c3,
        type: 3}
      propertyPath: m_RootOrder
      value: 6
      objectReference: {fileID: 0}
    - target: {fileID: 6800962168980697616, guid: 0b2c66091046a084ba29aa8c8b3211c3,
        type: 3}
      propertyPath: m_LocalEulerAnglesHint.x
      value: 0
      objectReference: {fileID: 0}
    - target: {fileID: 6800962168980697616, guid: 0b2c66091046a084ba29aa8c8b3211c3,
        type: 3}
      propertyPath: m_LocalEulerAnglesHint.y
      value: 90
      objectReference: {fileID: 0}
    - target: {fileID: 6800962168980697616, guid: 0b2c66091046a084ba29aa8c8b3211c3,
        type: 3}
      propertyPath: m_LocalEulerAnglesHint.z
      value: 0
      objectReference: {fileID: 0}
    m_RemovedComponents: []
  m_SourcePrefab: {fileID: 100100000, guid: 0b2c66091046a084ba29aa8c8b3211c3, type: 3}
--- !u!4 &4395480689940896774 stripped
Transform:
  m_CorrespondingSourceObject: {fileID: 6800962168980697616, guid: 0b2c66091046a084ba29aa8c8b3211c3,
    type: 3}
  m_PrefabInstance: {fileID: 7106184785129827862}
  m_PrefabAsset: {fileID: 0}
