%YAML 1.1
%TAG !u! tag:unity3d.com,2011:
--- !u!1 &4224768191011171268
GameObject:
  m_ObjectHideFlags: 0
  m_CorrespondingSourceObject: {fileID: 0}
  m_PrefabInstance: {fileID: 0}
  m_PrefabAsset: {fileID: 0}
  serializedVersion: 6
  m_Component:
  - component: {fileID: 8557049516345782080}
  m_Layer: 0
  m_Name: Props
  m_TagString: Untagged
  m_Icon: {fileID: 0}
  m_NavMeshLayer: 0
  m_StaticEditorFlags: 0
  m_IsActive: 1
--- !u!4 &8557049516345782080
Transform:
  m_ObjectHideFlags: 0
  m_CorrespondingSourceObject: {fileID: 0}
  m_PrefabInstance: {fileID: 0}
  m_PrefabAsset: {fileID: 0}
  m_GameObject: {fileID: 4224768191011171268}
  m_LocalRotation: {x: -0, y: -0, z: -0, w: 1}
  m_LocalPosition: {x: 0, y: 0, z: 0}
  m_LocalScale: {x: 1, y: 1, z: 1}
  m_Children:
  - {fileID: 6201527024767830968}
  - {fileID: 6030901955650497557}
  - {fileID: 4064114183120352637}
  - {fileID: 3091373182673675577}
  - {fileID: 2488300594299425856}
  - {fileID: 3450899030121211858}
  - {fileID: 3595390237933913241}
  - {fileID: 6783633739819604562}
  - {fileID: 7968562742082770757}
  - {fileID: 4640994028854022389}
  - {fileID: 3490264395336935446}
  - {fileID: 3518780432650384572}
  - {fileID: 5573447437761043015}
  - {fileID: 6270321984943627643}
  - {fileID: 2328480809565497315}
  - {fileID: 5927758299758823679}
  m_Father: {fileID: 7952287858333788004}
  m_RootOrder: 0
  m_LocalEulerAnglesHint: {x: 0, y: 0, z: 0}
--- !u!1 &4932833073657656452
GameObject:
  m_ObjectHideFlags: 0
  m_CorrespondingSourceObject: {fileID: 0}
  m_PrefabInstance: {fileID: 0}
  m_PrefabAsset: {fileID: 0}
  serializedVersion: 6
  m_Component:
  - component: {fileID: 7952287858333788004}
  m_Layer: 0
  m_Name: StableSet02B
  m_TagString: Untagged
  m_Icon: {fileID: 0}
  m_NavMeshLayer: 0
  m_StaticEditorFlags: 0
  m_IsActive: 1
--- !u!4 &7952287858333788004
Transform:
  m_ObjectHideFlags: 0
  m_CorrespondingSourceObject: {fileID: 0}
  m_PrefabInstance: {fileID: 0}
  m_PrefabAsset: {fileID: 0}
  m_GameObject: {fileID: 4932833073657656452}
  m_LocalRotation: {x: 0, y: 0, z: 0, w: 1}
  m_LocalPosition: {x: 0, y: 0, z: 0}
  m_LocalScale: {x: 1, y: 1, z: 1}
  m_Children:
  - {fileID: 8557049516345782080}
  - {fileID: 8622157326464541228}
  m_Father: {fileID: 0}
  m_RootOrder: 0
  m_LocalEulerAnglesHint: {x: 0, y: 0, z: 0}
--- !u!1001 &2328480809565135877
PrefabInstance:
  m_ObjectHideFlags: 0
  serializedVersion: 2
  m_Modification:
    m_TransformParent: {fileID: 8557049516345782080}
    m_Modifications:
    - target: {fileID: 110392, guid: 721fde525ad9c504d8ebe154ee65732a, type: 3}
      propertyPath: m_Name
      value: fe_vil_barrel_M4b
      objectReference: {fileID: 0}
    - target: {fileID: 426982, guid: 721fde525ad9c504d8ebe154ee65732a, type: 3}
      propertyPath: m_LocalPosition.x
      value: -1.982
      objectReference: {fileID: 0}
    - target: {fileID: 426982, guid: 721fde525ad9c504d8ebe154ee65732a, type: 3}
      propertyPath: m_LocalPosition.y
      value: 0
      objectReference: {fileID: 0}
    - target: {fileID: 426982, guid: 721fde525ad9c504d8ebe154ee65732a, type: 3}
      propertyPath: m_LocalPosition.z
      value: -3.546
      objectReference: {fileID: 0}
    - target: {fileID: 426982, guid: 721fde525ad9c504d8ebe154ee65732a, type: 3}
      propertyPath: m_LocalRotation.x
      value: -0
      objectReference: {fileID: 0}
    - target: {fileID: 426982, guid: 721fde525ad9c504d8ebe154ee65732a, type: 3}
      propertyPath: m_LocalRotation.y
      value: -0
      objectReference: {fileID: 0}
    - target: {fileID: 426982, guid: 721fde525ad9c504d8ebe154ee65732a, type: 3}
      propertyPath: m_LocalRotation.z
      value: -0
      objectReference: {fileID: 0}
    - target: {fileID: 426982, guid: 721fde525ad9c504d8ebe154ee65732a, type: 3}
      propertyPath: m_LocalRotation.w
      value: 1
      objectReference: {fileID: 0}
    - target: {fileID: 426982, guid: 721fde525ad9c504d8ebe154ee65732a, type: 3}
      propertyPath: m_RootOrder
      value: 14
      objectReference: {fileID: 0}
    - target: {fileID: 426982, guid: 721fde525ad9c504d8ebe154ee65732a, type: 3}
      propertyPath: m_LocalEulerAnglesHint.x
      value: 0
      objectReference: {fileID: 0}
    - target: {fileID: 426982, guid: 721fde525ad9c504d8ebe154ee65732a, type: 3}
      propertyPath: m_LocalEulerAnglesHint.y
      value: 0
      objectReference: {fileID: 0}
    - target: {fileID: 426982, guid: 721fde525ad9c504d8ebe154ee65732a, type: 3}
      propertyPath: m_LocalEulerAnglesHint.z
      value: 0
      objectReference: {fileID: 0}
    m_RemovedComponents: []
  m_SourcePrefab: {fileID: 100100000, guid: 721fde525ad9c504d8ebe154ee65732a, type: 3}
--- !u!4 &2328480809565497315 stripped
Transform:
  m_CorrespondingSourceObject: {fileID: 426982, guid: 721fde525ad9c504d8ebe154ee65732a,
    type: 3}
  m_PrefabInstance: {fileID: 2328480809565135877}
  m_PrefabAsset: {fileID: 0}
--- !u!1001 &2488300594299342934
PrefabInstance:
  m_ObjectHideFlags: 0
  serializedVersion: 2
  m_Modification:
    m_TransformParent: {fileID: 8557049516345782080}
    m_Modifications:
    - target: {fileID: 168054, guid: 72da0a0737e4580458546f84d68def10, type: 3}
      propertyPath: m_Name
      value: fe_vil_crate_03f
      objectReference: {fileID: 0}
    - target: {fileID: 476182, guid: 72da0a0737e4580458546f84d68def10, type: 3}
      propertyPath: m_LocalPosition.x
      value: 1.715
      objectReference: {fileID: 0}
    - target: {fileID: 476182, guid: 72da0a0737e4580458546f84d68def10, type: 3}
      propertyPath: m_LocalPosition.y
      value: 0
      objectReference: {fileID: 0}
    - target: {fileID: 476182, guid: 72da0a0737e4580458546f84d68def10, type: 3}
      propertyPath: m_LocalPosition.z
      value: 3.624
      objectReference: {fileID: 0}
    - target: {fileID: 476182, guid: 72da0a0737e4580458546f84d68def10, type: 3}
      propertyPath: m_LocalRotation.x
      value: -0
      objectReference: {fileID: 0}
    - target: {fileID: 476182, guid: 72da0a0737e4580458546f84d68def10, type: 3}
      propertyPath: m_LocalRotation.y
      value: 0.110811524
      objectReference: {fileID: 0}
    - target: {fileID: 476182, guid: 72da0a0737e4580458546f84d68def10, type: 3}
      propertyPath: m_LocalRotation.z
      value: -0
      objectReference: {fileID: 0}
    - target: {fileID: 476182, guid: 72da0a0737e4580458546f84d68def10, type: 3}
      propertyPath: m_LocalRotation.w
      value: 0.99384147
      objectReference: {fileID: 0}
    - target: {fileID: 476182, guid: 72da0a0737e4580458546f84d68def10, type: 3}
      propertyPath: m_RootOrder
      value: 4
      objectReference: {fileID: 0}
    - target: {fileID: 476182, guid: 72da0a0737e4580458546f84d68def10, type: 3}
      propertyPath: m_LocalEulerAnglesHint.x
      value: 0
      objectReference: {fileID: 0}
    - target: {fileID: 476182, guid: 72da0a0737e4580458546f84d68def10, type: 3}
      propertyPath: m_LocalEulerAnglesHint.y
      value: 12.724001
      objectReference: {fileID: 0}
    - target: {fileID: 476182, guid: 72da0a0737e4580458546f84d68def10, type: 3}
      propertyPath: m_LocalEulerAnglesHint.z
      value: 0
      objectReference: {fileID: 0}
    m_RemovedComponents: []
  m_SourcePrefab: {fileID: 100100000, guid: 72da0a0737e4580458546f84d68def10, type: 3}
--- !u!4 &2488300594299425856 stripped
Transform:
  m_CorrespondingSourceObject: {fileID: 476182, guid: 72da0a0737e4580458546f84d68def10,
    type: 3}
  m_PrefabInstance: {fileID: 2488300594299342934}
  m_PrefabAsset: {fileID: 0}
--- !u!1001 &3091373182673255065
PrefabInstance:
  m_ObjectHideFlags: 0
  serializedVersion: 2
  m_Modification:
    m_TransformParent: {fileID: 8557049516345782080}
    m_Modifications:
    - target: {fileID: 114726, guid: 7a39cf4cc605b5e4eb31c9122bf0a6e7, type: 3}
      propertyPath: m_Name
      value: fe_vil_wagons_brokenwag_wheel02lean
      objectReference: {fileID: 0}
    - target: {fileID: 434080, guid: 7a39cf4cc605b5e4eb31c9122bf0a6e7, type: 3}
      propertyPath: m_LocalPosition.x
      value: 3.34
      objectReference: {fileID: 0}
    - target: {fileID: 434080, guid: 7a39cf4cc605b5e4eb31c9122bf0a6e7, type: 3}
      propertyPath: m_LocalPosition.y
      value: 0
      objectReference: {fileID: 0}
    - target: {fileID: 434080, guid: 7a39cf4cc605b5e4eb31c9122bf0a6e7, type: 3}
      propertyPath: m_LocalPosition.z
      value: -3.479
      objectReference: {fileID: 0}
    - target: {fileID: 434080, guid: 7a39cf4cc605b5e4eb31c9122bf0a6e7, type: 3}
      propertyPath: m_LocalRotation.x
      value: -0
      objectReference: {fileID: 0}
    - target: {fileID: 434080, guid: 7a39cf4cc605b5e4eb31c9122bf0a6e7, type: 3}
      propertyPath: m_LocalRotation.y
      value: -0
      objectReference: {fileID: 0}
    - target: {fileID: 434080, guid: 7a39cf4cc605b5e4eb31c9122bf0a6e7, type: 3}
      propertyPath: m_LocalRotation.z
      value: -0
      objectReference: {fileID: 0}
    - target: {fileID: 434080, guid: 7a39cf4cc605b5e4eb31c9122bf0a6e7, type: 3}
      propertyPath: m_LocalRotation.w
      value: 1
      objectReference: {fileID: 0}
    - target: {fileID: 434080, guid: 7a39cf4cc605b5e4eb31c9122bf0a6e7, type: 3}
      propertyPath: m_RootOrder
      value: 3
      objectReference: {fileID: 0}
    - target: {fileID: 434080, guid: 7a39cf4cc605b5e4eb31c9122bf0a6e7, type: 3}
      propertyPath: m_LocalEulerAnglesHint.x
      value: 0
      objectReference: {fileID: 0}
    - target: {fileID: 434080, guid: 7a39cf4cc605b5e4eb31c9122bf0a6e7, type: 3}
      propertyPath: m_LocalEulerAnglesHint.y
      value: 0
      objectReference: {fileID: 0}
    - target: {fileID: 434080, guid: 7a39cf4cc605b5e4eb31c9122bf0a6e7, type: 3}
      propertyPath: m_LocalEulerAnglesHint.z
      value: 0
      objectReference: {fileID: 0}
    m_RemovedComponents: []
  m_SourcePrefab: {fileID: 100100000, guid: 7a39cf4cc605b5e4eb31c9122bf0a6e7, type: 3}
--- !u!4 &3091373182673675577 stripped
Transform:
  m_CorrespondingSourceObject: {fileID: 434080, guid: 7a39cf4cc605b5e4eb31c9122bf0a6e7,
    type: 3}
  m_PrefabInstance: {fileID: 3091373182673255065}
  m_PrefabAsset: {fileID: 0}
--- !u!1001 &3450899030121108604
PrefabInstance:
  m_ObjectHideFlags: 0
  serializedVersion: 2
  m_Modification:
    m_TransformParent: {fileID: 8557049516345782080}
    m_Modifications:
    - target: {fileID: 114000, guid: 61b2309c6a9086940900bc53bfd82669, type: 3}
      propertyPath: m_Name
      value: fe_vil_barrel_L4b
      objectReference: {fileID: 0}
    - target: {fileID: 439214, guid: 61b2309c6a9086940900bc53bfd82669, type: 3}
      propertyPath: m_LocalPosition.x
      value: 0.809
      objectReference: {fileID: 0}
    - target: {fileID: 439214, guid: 61b2309c6a9086940900bc53bfd82669, type: 3}
      propertyPath: m_LocalPosition.y
      value: 0
      objectReference: {fileID: 0}
    - target: {fileID: 439214, guid: 61b2309c6a9086940900bc53bfd82669, type: 3}
      propertyPath: m_LocalPosition.z
      value: 3.589
      objectReference: {fileID: 0}
    - target: {fileID: 439214, guid: 61b2309c6a9086940900bc53bfd82669, type: 3}
      propertyPath: m_LocalRotation.x
      value: -0
      objectReference: {fileID: 0}
    - target: {fileID: 439214, guid: 61b2309c6a9086940900bc53bfd82669, type: 3}
      propertyPath: m_LocalRotation.y
      value: -0
      objectReference: {fileID: 0}
    - target: {fileID: 439214, guid: 61b2309c6a9086940900bc53bfd82669, type: 3}
      propertyPath: m_LocalRotation.z
      value: -0
      objectReference: {fileID: 0}
    - target: {fileID: 439214, guid: 61b2309c6a9086940900bc53bfd82669, type: 3}
      propertyPath: m_LocalRotation.w
      value: 1
      objectReference: {fileID: 0}
    - target: {fileID: 439214, guid: 61b2309c6a9086940900bc53bfd82669, type: 3}
      propertyPath: m_RootOrder
      value: 5
      objectReference: {fileID: 0}
    - target: {fileID: 439214, guid: 61b2309c6a9086940900bc53bfd82669, type: 3}
      propertyPath: m_LocalEulerAnglesHint.x
      value: 0
      objectReference: {fileID: 0}
    - target: {fileID: 439214, guid: 61b2309c6a9086940900bc53bfd82669, type: 3}
      propertyPath: m_LocalEulerAnglesHint.y
      value: 0
      objectReference: {fileID: 0}
    - target: {fileID: 439214, guid: 61b2309c6a9086940900bc53bfd82669, type: 3}
      propertyPath: m_LocalEulerAnglesHint.z
      value: 0
      objectReference: {fileID: 0}
    m_RemovedComponents: []
  m_SourcePrefab: {fileID: 100100000, guid: 61b2309c6a9086940900bc53bfd82669, type: 3}
--- !u!4 &3450899030121211858 stripped
Transform:
  m_CorrespondingSourceObject: {fileID: 439214, guid: 61b2309c6a9086940900bc53bfd82669,
    type: 3}
  m_PrefabInstance: {fileID: 3450899030121108604}
  m_PrefabAsset: {fileID: 0}
--- !u!1001 &3490264395337331348
PrefabInstance:
  m_ObjectHideFlags: 0
  serializedVersion: 2
  m_Modification:
    m_TransformParent: {fileID: 8557049516345782080}
    m_Modifications:
    - target: {fileID: 100002, guid: c56702bd33bb41d4d835b58f1dbe406c, type: 3}
      propertyPath: m_Name
      value: fi_vil_fence01_gate_frame_gate
      objectReference: {fileID: 0}
    - target: {fileID: 400000, guid: c56702bd33bb41d4d835b58f1dbe406c, type: 3}
      propertyPath: m_LocalRotation.x
      value: -0
      objectReference: {fileID: 0}
    - target: {fileID: 400000, guid: c56702bd33bb41d4d835b58f1dbe406c, type: 3}
      propertyPath: m_LocalRotation.y
      value: 0.8827687
      objectReference: {fileID: 0}
    - target: {fileID: 400000, guid: c56702bd33bb41d4d835b58f1dbe406c, type: 3}
      propertyPath: m_LocalRotation.z
      value: -0
      objectReference: {fileID: 0}
    - target: {fileID: 400000, guid: c56702bd33bb41d4d835b58f1dbe406c, type: 3}
      propertyPath: m_LocalRotation.w
      value: 0.46980798
      objectReference: {fileID: 0}
    - target: {fileID: 400000, guid: c56702bd33bb41d4d835b58f1dbe406c, type: 3}
      propertyPath: m_LocalEulerAnglesHint.y
      value: 123.95601
      objectReference: {fileID: 0}
    - target: {fileID: 400002, guid: c56702bd33bb41d4d835b58f1dbe406c, type: 3}
      propertyPath: m_LocalPosition.x
      value: 2.874
      objectReference: {fileID: 0}
    - target: {fileID: 400002, guid: c56702bd33bb41d4d835b58f1dbe406c, type: 3}
      propertyPath: m_LocalPosition.y
      value: 0
      objectReference: {fileID: 0}
    - target: {fileID: 400002, guid: c56702bd33bb41d4d835b58f1dbe406c, type: 3}
      propertyPath: m_LocalPosition.z
      value: -5.0891
      objectReference: {fileID: 0}
    - target: {fileID: 400002, guid: c56702bd33bb41d4d835b58f1dbe406c, type: 3}
      propertyPath: m_LocalRotation.x
      value: -0
      objectReference: {fileID: 0}
    - target: {fileID: 400002, guid: c56702bd33bb41d4d835b58f1dbe406c, type: 3}
      propertyPath: m_LocalRotation.y
      value: -0
      objectReference: {fileID: 0}
    - target: {fileID: 400002, guid: c56702bd33bb41d4d835b58f1dbe406c, type: 3}
      propertyPath: m_LocalRotation.z
      value: -0
      objectReference: {fileID: 0}
    - target: {fileID: 400002, guid: c56702bd33bb41d4d835b58f1dbe406c, type: 3}
      propertyPath: m_LocalRotation.w
      value: 1
      objectReference: {fileID: 0}
    - target: {fileID: 400002, guid: c56702bd33bb41d4d835b58f1dbe406c, type: 3}
      propertyPath: m_RootOrder
      value: 10
      objectReference: {fileID: 0}
    - target: {fileID: 400002, guid: c56702bd33bb41d4d835b58f1dbe406c, type: 3}
      propertyPath: m_LocalEulerAnglesHint.x
      value: 0
      objectReference: {fileID: 0}
    - target: {fileID: 400002, guid: c56702bd33bb41d4d835b58f1dbe406c, type: 3}
      propertyPath: m_LocalEulerAnglesHint.y
      value: 0
      objectReference: {fileID: 0}
    - target: {fileID: 400002, guid: c56702bd33bb41d4d835b58f1dbe406c, type: 3}
      propertyPath: m_LocalEulerAnglesHint.z
      value: 0
      objectReference: {fileID: 0}
    m_RemovedComponents: []
  m_SourcePrefab: {fileID: 100100000, guid: c56702bd33bb41d4d835b58f1dbe406c, type: 3}
--- !u!4 &3490264395336935446 stripped
Transform:
  m_CorrespondingSourceObject: {fileID: 400002, guid: c56702bd33bb41d4d835b58f1dbe406c,
    type: 3}
  m_PrefabInstance: {fileID: 3490264395337331348}
  m_PrefabAsset: {fileID: 0}
--- !u!1001 &3518780432650851428
PrefabInstance:
  m_ObjectHideFlags: 0
  serializedVersion: 2
  m_Modification:
    m_TransformParent: {fileID: 8557049516345782080}
    m_Modifications:
    - target: {fileID: 112204, guid: 9bf9b59ac1f252946bf8c71c3fd7b98a, type: 3}
      propertyPath: m_Name
      value: fe_vil_crate_04c
      objectReference: {fileID: 0}
    - target: {fileID: 483544, guid: 9bf9b59ac1f252946bf8c71c3fd7b98a, type: 3}
      propertyPath: m_LocalPosition.x
      value: -1.023088
      objectReference: {fileID: 0}
    - target: {fileID: 483544, guid: 9bf9b59ac1f252946bf8c71c3fd7b98a, type: 3}
      propertyPath: m_LocalPosition.y
      value: 0
      objectReference: {fileID: 0}
    - target: {fileID: 483544, guid: 9bf9b59ac1f252946bf8c71c3fd7b98a, type: 3}
      propertyPath: m_LocalPosition.z
      value: -6.4699116
      objectReference: {fileID: 0}
    - target: {fileID: 483544, guid: 9bf9b59ac1f252946bf8c71c3fd7b98a, type: 3}
      propertyPath: m_LocalRotation.x
      value: -0
      objectReference: {fileID: 0}
    - target: {fileID: 483544, guid: 9bf9b59ac1f252946bf8c71c3fd7b98a, type: 3}
      propertyPath: m_LocalRotation.y
      value: 0.11267325
      objectReference: {fileID: 0}
    - target: {fileID: 483544, guid: 9bf9b59ac1f252946bf8c71c3fd7b98a, type: 3}
      propertyPath: m_LocalRotation.z
      value: -0
      objectReference: {fileID: 0}
    - target: {fileID: 483544, guid: 9bf9b59ac1f252946bf8c71c3fd7b98a, type: 3}
      propertyPath: m_LocalRotation.w
      value: 0.99363214
      objectReference: {fileID: 0}
    - target: {fileID: 483544, guid: 9bf9b59ac1f252946bf8c71c3fd7b98a, type: 3}
      propertyPath: m_RootOrder
      value: 11
      objectReference: {fileID: 0}
    - target: {fileID: 483544, guid: 9bf9b59ac1f252946bf8c71c3fd7b98a, type: 3}
      propertyPath: m_LocalEulerAnglesHint.x
      value: 0
      objectReference: {fileID: 0}
    - target: {fileID: 483544, guid: 9bf9b59ac1f252946bf8c71c3fd7b98a, type: 3}
      propertyPath: m_LocalEulerAnglesHint.y
      value: 12.939001
      objectReference: {fileID: 0}
    - target: {fileID: 483544, guid: 9bf9b59ac1f252946bf8c71c3fd7b98a, type: 3}
      propertyPath: m_LocalEulerAnglesHint.z
      value: 0
      objectReference: {fileID: 0}
    m_RemovedComponents: []
  m_SourcePrefab: {fileID: 100100000, guid: 9bf9b59ac1f252946bf8c71c3fd7b98a, type: 3}
--- !u!4 &3518780432650384572 stripped
Transform:
  m_CorrespondingSourceObject: {fileID: 483544, guid: 9bf9b59ac1f252946bf8c71c3fd7b98a,
    type: 3}
  m_PrefabInstance: {fileID: 3518780432650851428}
  m_PrefabAsset: {fileID: 0}
--- !u!1001 &3595390237933788697
PrefabInstance:
  m_ObjectHideFlags: 0
  serializedVersion: 2
  m_Modification:
    m_TransformParent: {fileID: 8557049516345782080}
    m_Modifications:
    - target: {fileID: 100000, guid: f0ee1db58fc0b3d4c998a1fadf8c2736, type: 3}
      propertyPath: m_Name
      value: fi_vil_fence01_2,5m_B
      objectReference: {fileID: 0}
    - target: {fileID: 400000, guid: f0ee1db58fc0b3d4c998a1fadf8c2736, type: 3}
      propertyPath: m_LocalPosition.x
      value: -2.424
      objectReference: {fileID: 0}
    - target: {fileID: 400000, guid: f0ee1db58fc0b3d4c998a1fadf8c2736, type: 3}
      propertyPath: m_LocalPosition.y
      value: 0
      objectReference: {fileID: 0}
    - target: {fileID: 400000, guid: f0ee1db58fc0b3d4c998a1fadf8c2736, type: 3}
      propertyPath: m_LocalPosition.z
      value: -4.564
      objectReference: {fileID: 0}
    - target: {fileID: 400000, guid: f0ee1db58fc0b3d4c998a1fadf8c2736, type: 3}
      propertyPath: m_LocalRotation.x
      value: -0
      objectReference: {fileID: 0}
    - target: {fileID: 400000, guid: f0ee1db58fc0b3d4c998a1fadf8c2736, type: 3}
      propertyPath: m_LocalRotation.y
      value: -0
      objectReference: {fileID: 0}
    - target: {fileID: 400000, guid: f0ee1db58fc0b3d4c998a1fadf8c2736, type: 3}
      propertyPath: m_LocalRotation.z
      value: -0
      objectReference: {fileID: 0}
    - target: {fileID: 400000, guid: f0ee1db58fc0b3d4c998a1fadf8c2736, type: 3}
      propertyPath: m_LocalRotation.w
      value: 1
      objectReference: {fileID: 0}
    - target: {fileID: 400000, guid: f0ee1db58fc0b3d4c998a1fadf8c2736, type: 3}
      propertyPath: m_RootOrder
      value: 6
      objectReference: {fileID: 0}
    - target: {fileID: 400000, guid: f0ee1db58fc0b3d4c998a1fadf8c2736, type: 3}
      propertyPath: m_LocalEulerAnglesHint.x
      value: 0
      objectReference: {fileID: 0}
    - target: {fileID: 400000, guid: f0ee1db58fc0b3d4c998a1fadf8c2736, type: 3}
      propertyPath: m_LocalEulerAnglesHint.y
      value: 0
      objectReference: {fileID: 0}
    - target: {fileID: 400000, guid: f0ee1db58fc0b3d4c998a1fadf8c2736, type: 3}
      propertyPath: m_LocalEulerAnglesHint.z
      value: 0
      objectReference: {fileID: 0}
    m_RemovedComponents: []
  m_SourcePrefab: {fileID: 100100000, guid: f0ee1db58fc0b3d4c998a1fadf8c2736, type: 3}
--- !u!4 &3595390237933913241 stripped
Transform:
  m_CorrespondingSourceObject: {fileID: 400000, guid: f0ee1db58fc0b3d4c998a1fadf8c2736,
    type: 3}
  m_PrefabInstance: {fileID: 3595390237933788697}
  m_PrefabAsset: {fileID: 0}
--- !u!1001 &4064114183120482301
PrefabInstance:
  m_ObjectHideFlags: 0
  serializedVersion: 2
  m_Modification:
    m_TransformParent: {fileID: 8557049516345782080}
    m_Modifications:
    - target: {fileID: 100000, guid: 2a4b3f66f348fda4d985358c473e4b5b, type: 3}
      propertyPath: m_Name
      value: fi_vil_farm_trough03_2m_B
      objectReference: {fileID: 0}
    - target: {fileID: 400000, guid: 2a4b3f66f348fda4d985358c473e4b5b, type: 3}
      propertyPath: m_LocalPosition.x
      value: -1.99
      objectReference: {fileID: 0}
    - target: {fileID: 400000, guid: 2a4b3f66f348fda4d985358c473e4b5b, type: 3}
      propertyPath: m_LocalPosition.y
      value: 0
      objectReference: {fileID: 0}
    - target: {fileID: 400000, guid: 2a4b3f66f348fda4d985358c473e4b5b, type: 3}
      propertyPath: m_LocalPosition.z
      value: 1.5
      objectReference: {fileID: 0}
    - target: {fileID: 400000, guid: 2a4b3f66f348fda4d985358c473e4b5b, type: 3}
      propertyPath: m_LocalRotation.x
      value: -0
      objectReference: {fileID: 0}
    - target: {fileID: 400000, guid: 2a4b3f66f348fda4d985358c473e4b5b, type: 3}
      propertyPath: m_LocalRotation.y
      value: 0.030113883
      objectReference: {fileID: 0}
    - target: {fileID: 400000, guid: 2a4b3f66f348fda4d985358c473e4b5b, type: 3}
      propertyPath: m_LocalRotation.z
      value: -0
      objectReference: {fileID: 0}
    - target: {fileID: 400000, guid: 2a4b3f66f348fda4d985358c473e4b5b, type: 3}
      propertyPath: m_LocalRotation.w
      value: 0.9995465
      objectReference: {fileID: 0}
    - target: {fileID: 400000, guid: 2a4b3f66f348fda4d985358c473e4b5b, type: 3}
      propertyPath: m_RootOrder
      value: 2
      objectReference: {fileID: 0}
    - target: {fileID: 400000, guid: 2a4b3f66f348fda4d985358c473e4b5b, type: 3}
      propertyPath: m_LocalEulerAnglesHint.x
      value: 0
      objectReference: {fileID: 0}
    - target: {fileID: 400000, guid: 2a4b3f66f348fda4d985358c473e4b5b, type: 3}
      propertyPath: m_LocalEulerAnglesHint.y
      value: 3.4510002
      objectReference: {fileID: 0}
    - target: {fileID: 400000, guid: 2a4b3f66f348fda4d985358c473e4b5b, type: 3}
      propertyPath: m_LocalEulerAnglesHint.z
      value: 0
      objectReference: {fileID: 0}
    m_RemovedComponents: []
  m_SourcePrefab: {fileID: 100100000, guid: 2a4b3f66f348fda4d985358c473e4b5b, type: 3}
--- !u!4 &4064114183120352637 stripped
Transform:
  m_CorrespondingSourceObject: {fileID: 400000, guid: 2a4b3f66f348fda4d985358c473e4b5b,
    type: 3}
  m_PrefabInstance: {fileID: 4064114183120482301}
  m_PrefabAsset: {fileID: 0}
--- !u!1001 &4640994028853889653
PrefabInstance:
  m_ObjectHideFlags: 0
  serializedVersion: 2
  m_Modification:
    m_TransformParent: {fileID: 8557049516345782080}
    m_Modifications:
    - target: {fileID: 100000, guid: 0d54d4ab056e12e4abc2d0b4a5d111f4, type: 3}
      propertyPath: m_Name
      value: fi_vil_fence01_2,5m_A
      objectReference: {fileID: 0}
    - target: {fileID: 400000, guid: 0d54d4ab056e12e4abc2d0b4a5d111f4, type: 3}
      propertyPath: m_LocalPosition.x
      value: 1.422
      objectReference: {fileID: 0}
    - target: {fileID: 400000, guid: 0d54d4ab056e12e4abc2d0b4a5d111f4, type: 3}
      propertyPath: m_LocalPosition.y
      value: 0
      objectReference: {fileID: 0}
    - target: {fileID: 400000, guid: 0d54d4ab056e12e4abc2d0b4a5d111f4, type: 3}
      propertyPath: m_LocalPosition.z
      value: -5.814
      objectReference: {fileID: 0}
    - target: {fileID: 400000, guid: 0d54d4ab056e12e4abc2d0b4a5d111f4, type: 3}
      propertyPath: m_LocalRotation.x
      value: -0
      objectReference: {fileID: 0}
    - target: {fileID: 400000, guid: 0d54d4ab056e12e4abc2d0b4a5d111f4, type: 3}
      propertyPath: m_LocalRotation.y
      value: -0.70710576
      objectReference: {fileID: 0}
    - target: {fileID: 400000, guid: 0d54d4ab056e12e4abc2d0b4a5d111f4, type: 3}
      propertyPath: m_LocalRotation.z
      value: -0
      objectReference: {fileID: 0}
    - target: {fileID: 400000, guid: 0d54d4ab056e12e4abc2d0b4a5d111f4, type: 3}
      propertyPath: m_LocalRotation.w
      value: 0.7071079
      objectReference: {fileID: 0}
    - target: {fileID: 400000, guid: 0d54d4ab056e12e4abc2d0b4a5d111f4, type: 3}
      propertyPath: m_RootOrder
      value: 9
      objectReference: {fileID: 0}
    - target: {fileID: 400000, guid: 0d54d4ab056e12e4abc2d0b4a5d111f4, type: 3}
      propertyPath: m_LocalEulerAnglesHint.x
      value: 0
      objectReference: {fileID: 0}
    - target: {fileID: 400000, guid: 0d54d4ab056e12e4abc2d0b4a5d111f4, type: 3}
      propertyPath: m_LocalEulerAnglesHint.y
      value: -90.00001
      objectReference: {fileID: 0}
    - target: {fileID: 400000, guid: 0d54d4ab056e12e4abc2d0b4a5d111f4, type: 3}
      propertyPath: m_LocalEulerAnglesHint.z
      value: 0
      objectReference: {fileID: 0}
    m_RemovedComponents: []
  m_SourcePrefab: {fileID: 100100000, guid: 0d54d4ab056e12e4abc2d0b4a5d111f4, type: 3}
--- !u!4 &4640994028854022389 stripped
Transform:
  m_CorrespondingSourceObject: {fileID: 400000, guid: 0d54d4ab056e12e4abc2d0b4a5d111f4,
    type: 3}
  m_PrefabInstance: {fileID: 4640994028853889653}
  m_PrefabAsset: {fileID: 0}
--- !u!1001 &5573447437760709895
PrefabInstance:
  m_ObjectHideFlags: 0
  serializedVersion: 2
  m_Modification:
    m_TransformParent: {fileID: 8557049516345782080}
    m_Modifications:
    - target: {fileID: 198752, guid: 7823e57245d2ee34d995f8236ebc7c73, type: 3}
      propertyPath: m_Name
      value: fe_vil_barrel_S1a
      objectReference: {fileID: 0}
    - target: {fileID: 466752, guid: 7823e57245d2ee34d995f8236ebc7c73, type: 3}
      propertyPath: m_LocalPosition.x
      value: -2.1562076
      objectReference: {fileID: 0}
    - target: {fileID: 466752, guid: 7823e57245d2ee34d995f8236ebc7c73, type: 3}
      propertyPath: m_LocalPosition.y
      value: 0
      objectReference: {fileID: 0}
    - target: {fileID: 466752, guid: 7823e57245d2ee34d995f8236ebc7c73, type: 3}
      propertyPath: m_LocalPosition.z
      value: -6.192701
      objectReference: {fileID: 0}
    - target: {fileID: 466752, guid: 7823e57245d2ee34d995f8236ebc7c73, type: 3}
      propertyPath: m_LocalRotation.x
      value: -0
      objectReference: {fileID: 0}
    - target: {fileID: 466752, guid: 7823e57245d2ee34d995f8236ebc7c73, type: 3}
      propertyPath: m_LocalRotation.y
      value: -0
      objectReference: {fileID: 0}
    - target: {fileID: 466752, guid: 7823e57245d2ee34d995f8236ebc7c73, type: 3}
      propertyPath: m_LocalRotation.z
      value: -0
      objectReference: {fileID: 0}
    - target: {fileID: 466752, guid: 7823e57245d2ee34d995f8236ebc7c73, type: 3}
      propertyPath: m_LocalRotation.w
      value: 1
      objectReference: {fileID: 0}
    - target: {fileID: 466752, guid: 7823e57245d2ee34d995f8236ebc7c73, type: 3}
      propertyPath: m_RootOrder
      value: 12
      objectReference: {fileID: 0}
    - target: {fileID: 466752, guid: 7823e57245d2ee34d995f8236ebc7c73, type: 3}
      propertyPath: m_LocalEulerAnglesHint.x
      value: 0
      objectReference: {fileID: 0}
    - target: {fileID: 466752, guid: 7823e57245d2ee34d995f8236ebc7c73, type: 3}
      propertyPath: m_LocalEulerAnglesHint.y
      value: 0
      objectReference: {fileID: 0}
    - target: {fileID: 466752, guid: 7823e57245d2ee34d995f8236ebc7c73, type: 3}
      propertyPath: m_LocalEulerAnglesHint.z
      value: 0
      objectReference: {fileID: 0}
    m_RemovedComponents: []
  m_SourcePrefab: {fileID: 100100000, guid: 7823e57245d2ee34d995f8236ebc7c73, type: 3}
--- !u!4 &5573447437761043015 stripped
Transform:
  m_CorrespondingSourceObject: {fileID: 466752, guid: 7823e57245d2ee34d995f8236ebc7c73,
    type: 3}
  m_PrefabInstance: {fileID: 5573447437760709895}
  m_PrefabAsset: {fileID: 0}
--- !u!1001 &5927758299758410577
PrefabInstance:
  m_ObjectHideFlags: 0
  serializedVersion: 2
  m_Modification:
    m_TransformParent: {fileID: 8557049516345782080}
    m_Modifications:
    - target: {fileID: 114000, guid: 61b2309c6a9086940900bc53bfd82669, type: 3}
      propertyPath: m_Name
      value: fe_vil_barrel_L4b
      objectReference: {fileID: 0}
    - target: {fileID: 439214, guid: 61b2309c6a9086940900bc53bfd82669, type: 3}
      propertyPath: m_LocalPosition.x
      value: -2.919
      objectReference: {fileID: 0}
    - target: {fileID: 439214, guid: 61b2309c6a9086940900bc53bfd82669, type: 3}
      propertyPath: m_LocalPosition.y
      value: 0
      objectReference: {fileID: 0}
    - target: {fileID: 439214, guid: 61b2309c6a9086940900bc53bfd82669, type: 3}
      propertyPath: m_LocalPosition.z
      value: -5.443
      objectReference: {fileID: 0}
    - target: {fileID: 439214, guid: 61b2309c6a9086940900bc53bfd82669, type: 3}
      propertyPath: m_LocalRotation.x
      value: -0
      objectReference: {fileID: 0}
    - target: {fileID: 439214, guid: 61b2309c6a9086940900bc53bfd82669, type: 3}
      propertyPath: m_LocalRotation.y
      value: -0
      objectReference: {fileID: 0}
    - target: {fileID: 439214, guid: 61b2309c6a9086940900bc53bfd82669, type: 3}
      propertyPath: m_LocalRotation.z
      value: -0
      objectReference: {fileID: 0}
    - target: {fileID: 439214, guid: 61b2309c6a9086940900bc53bfd82669, type: 3}
      propertyPath: m_LocalRotation.w
      value: 1
      objectReference: {fileID: 0}
    - target: {fileID: 439214, guid: 61b2309c6a9086940900bc53bfd82669, type: 3}
      propertyPath: m_RootOrder
      value: 15
      objectReference: {fileID: 0}
    - target: {fileID: 439214, guid: 61b2309c6a9086940900bc53bfd82669, type: 3}
      propertyPath: m_LocalEulerAnglesHint.x
      value: 0
      objectReference: {fileID: 0}
    - target: {fileID: 439214, guid: 61b2309c6a9086940900bc53bfd82669, type: 3}
      propertyPath: m_LocalEulerAnglesHint.y
      value: 0
      objectReference: {fileID: 0}
    - target: {fileID: 439214, guid: 61b2309c6a9086940900bc53bfd82669, type: 3}
      propertyPath: m_LocalEulerAnglesHint.z
      value: 0
      objectReference: {fileID: 0}
    m_RemovedComponents: []
  m_SourcePrefab: {fileID: 100100000, guid: 61b2309c6a9086940900bc53bfd82669, type: 3}
--- !u!4 &5927758299758823679 stripped
Transform:
  m_CorrespondingSourceObject: {fileID: 439214, guid: 61b2309c6a9086940900bc53bfd82669,
    type: 3}
  m_PrefabInstance: {fileID: 5927758299758410577}
  m_PrefabAsset: {fileID: 0}
--- !u!1001 &6030901955650893461
PrefabInstance:
  m_ObjectHideFlags: 0
  serializedVersion: 2
  m_Modification:
    m_TransformParent: {fileID: 8557049516345782080}
    m_Modifications:
    - target: {fileID: 100000, guid: fbe2c7c1e21bd2b4bb533a83c4b501ea, type: 3}
      propertyPath: m_Name
      value: fi_vil_farm_trough03_2m
      objectReference: {fileID: 0}
    - target: {fileID: 400000, guid: fbe2c7c1e21bd2b4bb533a83c4b501ea, type: 3}
      propertyPath: m_LocalPosition.x
      value: 2.306
      objectReference: {fileID: 0}
    - target: {fileID: 400000, guid: fbe2c7c1e21bd2b4bb533a83c4b501ea, type: 3}
      propertyPath: m_LocalPosition.y
      value: 0
      objectReference: {fileID: 0}
    - target: {fileID: 400000, guid: fbe2c7c1e21bd2b4bb533a83c4b501ea, type: 3}
      propertyPath: m_LocalPosition.z
      value: -0.072
      objectReference: {fileID: 0}
    - target: {fileID: 400000, guid: fbe2c7c1e21bd2b4bb533a83c4b501ea, type: 3}
      propertyPath: m_LocalRotation.x
      value: -0
      objectReference: {fileID: 0}
    - target: {fileID: 400000, guid: fbe2c7c1e21bd2b4bb533a83c4b501ea, type: 3}
      propertyPath: m_LocalRotation.y
      value: -0.6736481
      objectReference: {fileID: 0}
    - target: {fileID: 400000, guid: fbe2c7c1e21bd2b4bb533a83c4b501ea, type: 3}
      propertyPath: m_LocalRotation.z
      value: -0
      objectReference: {fileID: 0}
    - target: {fileID: 400000, guid: fbe2c7c1e21bd2b4bb533a83c4b501ea, type: 3}
      propertyPath: m_LocalRotation.w
      value: 0.73905236
      objectReference: {fileID: 0}
    - target: {fileID: 400000, guid: fbe2c7c1e21bd2b4bb533a83c4b501ea, type: 3}
      propertyPath: m_RootOrder
      value: 1
      objectReference: {fileID: 0}
    - target: {fileID: 400000, guid: fbe2c7c1e21bd2b4bb533a83c4b501ea, type: 3}
      propertyPath: m_LocalEulerAnglesHint.x
      value: 0
      objectReference: {fileID: 0}
    - target: {fileID: 400000, guid: fbe2c7c1e21bd2b4bb533a83c4b501ea, type: 3}
      propertyPath: m_LocalEulerAnglesHint.y
      value: -84.699005
      objectReference: {fileID: 0}
    - target: {fileID: 400000, guid: fbe2c7c1e21bd2b4bb533a83c4b501ea, type: 3}
      propertyPath: m_LocalEulerAnglesHint.z
      value: 0
      objectReference: {fileID: 0}
    m_RemovedComponents: []
  m_SourcePrefab: {fileID: 100100000, guid: fbe2c7c1e21bd2b4bb533a83c4b501ea, type: 3}
--- !u!4 &6030901955650497557 stripped
Transform:
  m_CorrespondingSourceObject: {fileID: 400000, guid: fbe2c7c1e21bd2b4bb533a83c4b501ea,
    type: 3}
  m_PrefabInstance: {fileID: 6030901955650893461}
  m_PrefabAsset: {fileID: 0}
--- !u!1001 &6201527024767701304
PrefabInstance:
  m_ObjectHideFlags: 0
  serializedVersion: 2
  m_Modification:
    m_TransformParent: {fileID: 8557049516345782080}
    m_Modifications:
    - target: {fileID: 100000, guid: f90729690793f8e42bb1588dda9753e0, type: 3}
      propertyPath: m_Name
      value: fi_vil_farm_trough03_1m
      objectReference: {fileID: 0}
    - target: {fileID: 400000, guid: f90729690793f8e42bb1588dda9753e0, type: 3}
      propertyPath: m_LocalPosition.x
      value: -1.765
      objectReference: {fileID: 0}
    - target: {fileID: 400000, guid: f90729690793f8e42bb1588dda9753e0, type: 3}
      propertyPath: m_LocalPosition.y
      value: 0
      objectReference: {fileID: 0}
    - target: {fileID: 400000, guid: f90729690793f8e42bb1588dda9753e0, type: 3}
      propertyPath: m_LocalPosition.z
      value: -1.623
      objectReference: {fileID: 0}
    - target: {fileID: 400000, guid: f90729690793f8e42bb1588dda9753e0, type: 3}
      propertyPath: m_LocalRotation.x
      value: -0
      objectReference: {fileID: 0}
    - target: {fileID: 400000, guid: f90729690793f8e42bb1588dda9753e0, type: 3}
      propertyPath: m_LocalRotation.y
      value: -0
      objectReference: {fileID: 0}
    - target: {fileID: 400000, guid: f90729690793f8e42bb1588dda9753e0, type: 3}
      propertyPath: m_LocalRotation.z
      value: -0
      objectReference: {fileID: 0}
    - target: {fileID: 400000, guid: f90729690793f8e42bb1588dda9753e0, type: 3}
      propertyPath: m_LocalRotation.w
      value: 1
      objectReference: {fileID: 0}
    - target: {fileID: 400000, guid: f90729690793f8e42bb1588dda9753e0, type: 3}
      propertyPath: m_RootOrder
      value: 0
      objectReference: {fileID: 0}
    - target: {fileID: 400000, guid: f90729690793f8e42bb1588dda9753e0, type: 3}
      propertyPath: m_LocalEulerAnglesHint.x
      value: 0
      objectReference: {fileID: 0}
    - target: {fileID: 400000, guid: f90729690793f8e42bb1588dda9753e0, type: 3}
      propertyPath: m_LocalEulerAnglesHint.y
      value: 0
      objectReference: {fileID: 0}
    - target: {fileID: 400000, guid: f90729690793f8e42bb1588dda9753e0, type: 3}
      propertyPath: m_LocalEulerAnglesHint.z
      value: 0
      objectReference: {fileID: 0}
    m_RemovedComponents: []
  m_SourcePrefab: {fileID: 100100000, guid: f90729690793f8e42bb1588dda9753e0, type: 3}
--- !u!4 &6201527024767830968 stripped
Transform:
  m_CorrespondingSourceObject: {fileID: 400000, guid: f90729690793f8e42bb1588dda9753e0,
    type: 3}
  m_PrefabInstance: {fileID: 6201527024767701304}
  m_PrefabAsset: {fileID: 0}
--- !u!1001 &6270321984943704815
PrefabInstance:
  m_ObjectHideFlags: 0
  serializedVersion: 2
  m_Modification:
    m_TransformParent: {fileID: 8557049516345782080}
    m_Modifications:
    - target: {fileID: 168484, guid: 2fdb435385ec70a458e50f9ac37b694d, type: 3}
      propertyPath: m_Name
      value: fe_vil_barrel_S1c
      objectReference: {fileID: 0}
    - target: {fileID: 481172, guid: 2fdb435385ec70a458e50f9ac37b694d, type: 3}
      propertyPath: m_LocalPosition.x
      value: -1.03
      objectReference: {fileID: 0}
    - target: {fileID: 481172, guid: 2fdb435385ec70a458e50f9ac37b694d, type: 3}
      propertyPath: m_LocalPosition.y
      value: 0
      objectReference: {fileID: 0}
    - target: {fileID: 481172, guid: 2fdb435385ec70a458e50f9ac37b694d, type: 3}
      propertyPath: m_LocalPosition.z
      value: -3.588
      objectReference: {fileID: 0}
    - target: {fileID: 481172, guid: 2fdb435385ec70a458e50f9ac37b694d, type: 3}
      propertyPath: m_LocalRotation.x
      value: -0
      objectReference: {fileID: 0}
    - target: {fileID: 481172, guid: 2fdb435385ec70a458e50f9ac37b694d, type: 3}
      propertyPath: m_LocalRotation.y
      value: 0.70710576
      objectReference: {fileID: 0}
    - target: {fileID: 481172, guid: 2fdb435385ec70a458e50f9ac37b694d, type: 3}
      propertyPath: m_LocalRotation.z
      value: -0
      objectReference: {fileID: 0}
    - target: {fileID: 481172, guid: 2fdb435385ec70a458e50f9ac37b694d, type: 3}
      propertyPath: m_LocalRotation.w
      value: 0.70710784
      objectReference: {fileID: 0}
    - target: {fileID: 481172, guid: 2fdb435385ec70a458e50f9ac37b694d, type: 3}
      propertyPath: m_RootOrder
      value: 13
      objectReference: {fileID: 0}
    - target: {fileID: 481172, guid: 2fdb435385ec70a458e50f9ac37b694d, type: 3}
      propertyPath: m_LocalEulerAnglesHint.x
      value: 0
      objectReference: {fileID: 0}
    - target: {fileID: 481172, guid: 2fdb435385ec70a458e50f9ac37b694d, type: 3}
      propertyPath: m_LocalEulerAnglesHint.y
      value: 90.00001
      objectReference: {fileID: 0}
    - target: {fileID: 481172, guid: 2fdb435385ec70a458e50f9ac37b694d, type: 3}
      propertyPath: m_LocalEulerAnglesHint.z
      value: 0
      objectReference: {fileID: 0}
    m_RemovedComponents: []
  m_SourcePrefab: {fileID: 100100000, guid: 2fdb435385ec70a458e50f9ac37b694d, type: 3}
--- !u!4 &6270321984943627643 stripped
Transform:
  m_CorrespondingSourceObject: {fileID: 481172, guid: 2fdb435385ec70a458e50f9ac37b694d,
    type: 3}
  m_PrefabInstance: {fileID: 6270321984943704815}
  m_PrefabAsset: {fileID: 0}
--- !u!1001 &6783633739819466962
PrefabInstance:
  m_ObjectHideFlags: 0
  serializedVersion: 2
  m_Modification:
    m_TransformParent: {fileID: 8557049516345782080}
    m_Modifications:
    - target: {fileID: 100000, guid: 0d54d4ab056e12e4abc2d0b4a5d111f4, type: 3}
      propertyPath: m_Name
      value: fi_vil_fence01_2,5m_A
      objectReference: {fileID: 0}
    - target: {fileID: 400000, guid: 0d54d4ab056e12e4abc2d0b4a5d111f4, type: 3}
      propertyPath: m_LocalPosition.x
      value: -1.131
      objectReference: {fileID: 0}
    - target: {fileID: 400000, guid: 0d54d4ab056e12e4abc2d0b4a5d111f4, type: 3}
      propertyPath: m_LocalPosition.y
      value: 0
      objectReference: {fileID: 0}
    - target: {fileID: 400000, guid: 0d54d4ab056e12e4abc2d0b4a5d111f4, type: 3}
      propertyPath: m_LocalPosition.z
      value: -5.814
      objectReference: {fileID: 0}
    - target: {fileID: 400000, guid: 0d54d4ab056e12e4abc2d0b4a5d111f4, type: 3}
      propertyPath: m_LocalRotation.x
      value: -0
      objectReference: {fileID: 0}
    - target: {fileID: 400000, guid: 0d54d4ab056e12e4abc2d0b4a5d111f4, type: 3}
      propertyPath: m_LocalRotation.y
      value: -0.70710576
      objectReference: {fileID: 0}
    - target: {fileID: 400000, guid: 0d54d4ab056e12e4abc2d0b4a5d111f4, type: 3}
      propertyPath: m_LocalRotation.z
      value: -0
      objectReference: {fileID: 0}
    - target: {fileID: 400000, guid: 0d54d4ab056e12e4abc2d0b4a5d111f4, type: 3}
      propertyPath: m_LocalRotation.w
      value: 0.7071079
      objectReference: {fileID: 0}
    - target: {fileID: 400000, guid: 0d54d4ab056e12e4abc2d0b4a5d111f4, type: 3}
      propertyPath: m_RootOrder
      value: 7
      objectReference: {fileID: 0}
    - target: {fileID: 400000, guid: 0d54d4ab056e12e4abc2d0b4a5d111f4, type: 3}
      propertyPath: m_LocalEulerAnglesHint.x
      value: 0
      objectReference: {fileID: 0}
    - target: {fileID: 400000, guid: 0d54d4ab056e12e4abc2d0b4a5d111f4, type: 3}
      propertyPath: m_LocalEulerAnglesHint.y
      value: -90.00001
      objectReference: {fileID: 0}
    - target: {fileID: 400000, guid: 0d54d4ab056e12e4abc2d0b4a5d111f4, type: 3}
      propertyPath: m_LocalEulerAnglesHint.z
      value: 0
      objectReference: {fileID: 0}
    m_RemovedComponents: []
  m_SourcePrefab: {fileID: 100100000, guid: 0d54d4ab056e12e4abc2d0b4a5d111f4, type: 3}
--- !u!4 &6783633739819604562 stripped
Transform:
  m_CorrespondingSourceObject: {fileID: 400000, guid: 0d54d4ab056e12e4abc2d0b4a5d111f4,
    type: 3}
  m_PrefabInstance: {fileID: 6783633739819466962}
  m_PrefabAsset: {fileID: 0}
--- !u!1001 &7968562742083161541
PrefabInstance:
  m_ObjectHideFlags: 0
  serializedVersion: 2
  m_Modification:
    m_TransformParent: {fileID: 8557049516345782080}
    m_Modifications:
    - target: {fileID: 100000, guid: 33617a76123272f44896ca522848e16b, type: 3}
      propertyPath: m_Name
      value: fi_vil_fence01_1m_A
      objectReference: {fileID: 0}
    - target: {fileID: 400000, guid: 33617a76123272f44896ca522848e16b, type: 3}
      propertyPath: m_LocalPosition.x
      value: 2.874
      objectReference: {fileID: 0}
    - target: {fileID: 400000, guid: 33617a76123272f44896ca522848e16b, type: 3}
      propertyPath: m_LocalPosition.y
      value: 0
      objectReference: {fileID: 0}
    - target: {fileID: 400000, guid: 33617a76123272f44896ca522848e16b, type: 3}
      propertyPath: m_LocalPosition.z
      value: -3.808
      objectReference: {fileID: 0}
    - target: {fileID: 400000, guid: 33617a76123272f44896ca522848e16b, type: 3}
      propertyPath: m_LocalRotation.x
      value: -0
      objectReference: {fileID: 0}
    - target: {fileID: 400000, guid: 33617a76123272f44896ca522848e16b, type: 3}
      propertyPath: m_LocalRotation.y
      value: 1
      objectReference: {fileID: 0}
    - target: {fileID: 400000, guid: 33617a76123272f44896ca522848e16b, type: 3}
      propertyPath: m_LocalRotation.z
      value: -0
      objectReference: {fileID: 0}
    - target: {fileID: 400000, guid: 33617a76123272f44896ca522848e16b, type: 3}
      propertyPath: m_LocalRotation.w
      value: 0.0000029504295
      objectReference: {fileID: 0}
    - target: {fileID: 400000, guid: 33617a76123272f44896ca522848e16b, type: 3}
      propertyPath: m_RootOrder
      value: 8
      objectReference: {fileID: 0}
    - target: {fileID: 400000, guid: 33617a76123272f44896ca522848e16b, type: 3}
      propertyPath: m_LocalEulerAnglesHint.x
      value: 0
      objectReference: {fileID: 0}
    - target: {fileID: 400000, guid: 33617a76123272f44896ca522848e16b, type: 3}
      propertyPath: m_LocalEulerAnglesHint.y
      value: 180.00002
      objectReference: {fileID: 0}
    - target: {fileID: 400000, guid: 33617a76123272f44896ca522848e16b, type: 3}
      propertyPath: m_LocalEulerAnglesHint.z
      value: 0
      objectReference: {fileID: 0}
    m_RemovedComponents: []
  m_SourcePrefab: {fileID: 100100000, guid: 33617a76123272f44896ca522848e16b, type: 3}
--- !u!4 &7968562742082770757 stripped
Transform:
  m_CorrespondingSourceObject: {fileID: 400000, guid: 33617a76123272f44896ca522848e16b,
    type: 3}
  m_PrefabInstance: {fileID: 7968562742083161541}
  m_PrefabAsset: {fileID: 0}
--- !u!1001 &8622157326464678050
PrefabInstance:
  m_ObjectHideFlags: 0
  serializedVersion: 2
  m_Modification:
    m_TransformParent: {fileID: 7952287858333788004}
    m_Modifications:
    - target: {fileID: 100014, guid: 6e9705af4ea1b6b46b43464099d05f14, type: 3}
      propertyPath: m_Name
      value: Stable_2horse
      objectReference: {fileID: 0}
    - target: {fileID: 400014, guid: 6e9705af4ea1b6b46b43464099d05f14, type: 3}
      propertyPath: m_LocalPosition.x
      value: 0
      objectReference: {fileID: 0}
    - target: {fileID: 400014, guid: 6e9705af4ea1b6b46b43464099d05f14, type: 3}
      propertyPath: m_LocalPosition.y
      value: 0
      objectReference: {fileID: 0}
    - target: {fileID: 400014, guid: 6e9705af4ea1b6b46b43464099d05f14, type: 3}
      propertyPath: m_LocalPosition.z
      value: 0
      objectReference: {fileID: 0}
    - target: {fileID: 400014, guid: 6e9705af4ea1b6b46b43464099d05f14, type: 3}
      propertyPath: m_LocalRotation.x
      value: -0
      objectReference: {fileID: 0}
    - target: {fileID: 400014, guid: 6e9705af4ea1b6b46b43464099d05f14, type: 3}
      propertyPath: m_LocalRotation.y
      value: -0
      objectReference: {fileID: 0}
    - target: {fileID: 400014, guid: 6e9705af4ea1b6b46b43464099d05f14, type: 3}
      propertyPath: m_LocalRotation.z
      value: -0
      objectReference: {fileID: 0}
    - target: {fileID: 400014, guid: 6e9705af4ea1b6b46b43464099d05f14, type: 3}
      propertyPath: m_LocalRotation.w
      value: 1
      objectReference: {fileID: 0}
    - target: {fileID: 400014, guid: 6e9705af4ea1b6b46b43464099d05f14, type: 3}
      propertyPath: m_RootOrder
      value: 1
      objectReference: {fileID: 0}
    - target: {fileID: 400014, guid: 6e9705af4ea1b6b46b43464099d05f14, type: 3}
      propertyPath: m_LocalEulerAnglesHint.x
      value: 0
      objectReference: {fileID: 0}
    - target: {fileID: 400014, guid: 6e9705af4ea1b6b46b43464099d05f14, type: 3}
      propertyPath: m_LocalEulerAnglesHint.y
      value: 0
      objectReference: {fileID: 0}
    - target: {fileID: 400014, guid: 6e9705af4ea1b6b46b43464099d05f14, type: 3}
      propertyPath: m_LocalEulerAnglesHint.z
      value: 0
      objectReference: {fileID: 0}
    m_RemovedComponents: []
  m_SourcePrefab: {fileID: 100100000, guid: 6e9705af4ea1b6b46b43464099d05f14, type: 3}
--- !u!4 &8622157326464541228 stripped
Transform:
  m_CorrespondingSourceObject: {fileID: 400014, guid: 6e9705af4ea1b6b46b43464099d05f14,
    type: 3}
  m_PrefabInstance: {fileID: 8622157326464678050}
  m_PrefabAsset: {fileID: 0}
