%YAML 1.1
%TAG !u! tag:unity3d.com,2011:
--- !u!1 &4629031239863675878
GameObject:
  m_ObjectHideFlags: 0
  m_CorrespondingSourceObject: {fileID: 0}
  m_PrefabInstance: {fileID: 0}
  m_PrefabAsset: {fileID: 0}
  serializedVersion: 6
  m_Component:
  - component: {fileID: 7942361288419170638}
  m_Layer: 0
  m_Name: StableSet03A
  m_TagString: Untagged
  m_Icon: {fileID: 0}
  m_NavMeshLayer: 0
  m_StaticEditorFlags: 0
  m_IsActive: 1
--- !u!4 &7942361288419170638
Transform:
  m_ObjectHideFlags: 0
  m_CorrespondingSourceObject: {fileID: 0}
  m_PrefabInstance: {fileID: 0}
  m_PrefabAsset: {fileID: 0}
  m_GameObject: {fileID: 4629031239863675878}
  m_LocalRotation: {x: 0, y: 0, z: 0, w: 1}
  m_LocalPosition: {x: 0, y: 0, z: 0}
  m_LocalScale: {x: 1, y: 1, z: 1}
  m_Children:
  - {fileID: 7535850422287978493}
  - {fileID: 6126338518643358759}
  m_Father: {fileID: 0}
  m_RootOrder: 0
  m_LocalEulerAnglesHint: {x: 0, y: 0, z: 0}
--- !u!1 &5072044850811571034
GameObject:
  m_ObjectHideFlags: 0
  m_CorrespondingSourceObject: {fileID: 0}
  m_PrefabInstance: {fileID: 0}
  m_PrefabAsset: {fileID: 0}
  serializedVersion: 6
  m_Component:
  - component: {fileID: 7535850422287978493}
  m_Layer: 0
  m_Name: Props
  m_TagString: Untagged
  m_Icon: {fileID: 0}
  m_NavMeshLayer: 0
  m_StaticEditorFlags: 0
  m_IsActive: 1
--- !u!4 &7535850422287978493
Transform:
  m_ObjectHideFlags: 0
  m_CorrespondingSourceObject: {fileID: 0}
  m_PrefabInstance: {fileID: 0}
  m_PrefabAsset: {fileID: 0}
  m_GameObject: {fileID: 5072044850811571034}
  m_LocalRotation: {x: -0, y: -0, z: -0, w: 1}
  m_LocalPosition: {x: 0, y: 0, z: 0}
  m_LocalScale: {x: 1, y: 1, z: 1}
  m_Children:
  - {fileID: 6025981394558070705}
  - {fileID: 1393994443738841639}
  - {fileID: 4804423374687048387}
  - {fileID: 7418831681816683970}
  - {fileID: 358536271846655642}
  - {fileID: 3697581142651101202}
  - {fileID: 3307272626893662564}
  - {fileID: 4984114523839670712}
  - {fileID: 2478060918152345224}
  - {fileID: 756672899564867379}
  - {fileID: 97114963107550931}
  m_Father: {fileID: 7942361288419170638}
  m_RootOrder: 0
  m_LocalEulerAnglesHint: {x: 0, y: 0, z: 0}
--- !u!1001 &97114963107219859
PrefabInstance:
  m_ObjectHideFlags: 0
  serializedVersion: 2
  m_Modification:
    m_TransformParent: {fileID: 7535850422287978493}
    m_Modifications:
    - target: {fileID: 198752, guid: 7823e57245d2ee34d995f8236ebc7c73, type: 3}
      propertyPath: m_Name
      value: fe_vil_barrel_S1a
      objectReference: {fileID: 0}
    - target: {fileID: 466752, guid: 7823e57245d2ee34d995f8236ebc7c73, type: 3}
      propertyPath: m_LocalPosition.x
      value: 2.28
      objectReference: {fileID: 0}
    - target: {fileID: 466752, guid: 7823e57245d2ee34d995f8236ebc7c73, type: 3}
      propertyPath: m_LocalPosition.y
      value: 0
      objectReference: {fileID: 0}
    - target: {fileID: 466752, guid: 7823e57245d2ee34d995f8236ebc7c73, type: 3}
      propertyPath: m_LocalPosition.z
      value: 4.702
      objectReference: {fileID: 0}
    - target: {fileID: 466752, guid: 7823e57245d2ee34d995f8236ebc7c73, type: 3}
      propertyPath: m_LocalRotation.x
      value: -0
      objectReference: {fileID: 0}
    - target: {fileID: 466752, guid: 7823e57245d2ee34d995f8236ebc7c73, type: 3}
      propertyPath: m_LocalRotation.y
      value: -0
      objectReference: {fileID: 0}
    - target: {fileID: 466752, guid: 7823e57245d2ee34d995f8236ebc7c73, type: 3}
      propertyPath: m_LocalRotation.z
      value: -0
      objectReference: {fileID: 0}
    - target: {fileID: 466752, guid: 7823e57245d2ee34d995f8236ebc7c73, type: 3}
      propertyPath: m_LocalRotation.w
      value: 1
      objectReference: {fileID: 0}
    - target: {fileID: 466752, guid: 7823e57245d2ee34d995f8236ebc7c73, type: 3}
      propertyPath: m_RootOrder
      value: 10
      objectReference: {fileID: 0}
    - target: {fileID: 466752, guid: 7823e57245d2ee34d995f8236ebc7c73, type: 3}
      propertyPath: m_LocalEulerAnglesHint.x
      value: 0
      objectReference: {fileID: 0}
    - target: {fileID: 466752, guid: 7823e57245d2ee34d995f8236ebc7c73, type: 3}
      propertyPath: m_LocalEulerAnglesHint.y
      value: 0
      objectReference: {fileID: 0}
    - target: {fileID: 466752, guid: 7823e57245d2ee34d995f8236ebc7c73, type: 3}
      propertyPath: m_LocalEulerAnglesHint.z
      value: 0
      objectReference: {fileID: 0}
    m_RemovedComponents: []
  m_SourcePrefab: {fileID: 100100000, guid: 7823e57245d2ee34d995f8236ebc7c73, type: 3}
--- !u!4 &97114963107550931 stripped
Transform:
  m_CorrespondingSourceObject: {fileID: 466752, guid: 7823e57245d2ee34d995f8236ebc7c73,
    type: 3}
  m_PrefabInstance: {fileID: 97114963107219859}
  m_PrefabAsset: {fileID: 0}
--- !u!1001 &358536271846792218
PrefabInstance:
  m_ObjectHideFlags: 0
  serializedVersion: 2
  m_Modification:
    m_TransformParent: {fileID: 7535850422287978493}
    m_Modifications:
    - target: {fileID: 100000, guid: fbe2c7c1e21bd2b4bb533a83c4b501ea, type: 3}
      propertyPath: m_Name
      value: fi_vil_farm_trough03_2m
      objectReference: {fileID: 0}
    - target: {fileID: 400000, guid: fbe2c7c1e21bd2b4bb533a83c4b501ea, type: 3}
      propertyPath: m_LocalPosition.x
      value: -1.83
      objectReference: {fileID: 0}
    - target: {fileID: 400000, guid: fbe2c7c1e21bd2b4bb533a83c4b501ea, type: 3}
      propertyPath: m_LocalPosition.y
      value: 0
      objectReference: {fileID: 0}
    - target: {fileID: 400000, guid: fbe2c7c1e21bd2b4bb533a83c4b501ea, type: 3}
      propertyPath: m_LocalPosition.z
      value: 3.05
      objectReference: {fileID: 0}
    - target: {fileID: 400000, guid: fbe2c7c1e21bd2b4bb533a83c4b501ea, type: 3}
      propertyPath: m_LocalRotation.x
      value: -0
      objectReference: {fileID: 0}
    - target: {fileID: 400000, guid: fbe2c7c1e21bd2b4bb533a83c4b501ea, type: 3}
      propertyPath: m_LocalRotation.y
      value: -0
      objectReference: {fileID: 0}
    - target: {fileID: 400000, guid: fbe2c7c1e21bd2b4bb533a83c4b501ea, type: 3}
      propertyPath: m_LocalRotation.z
      value: -0
      objectReference: {fileID: 0}
    - target: {fileID: 400000, guid: fbe2c7c1e21bd2b4bb533a83c4b501ea, type: 3}
      propertyPath: m_LocalRotation.w
      value: 1
      objectReference: {fileID: 0}
    - target: {fileID: 400000, guid: fbe2c7c1e21bd2b4bb533a83c4b501ea, type: 3}
      propertyPath: m_RootOrder
      value: 4
      objectReference: {fileID: 0}
    - target: {fileID: 400000, guid: fbe2c7c1e21bd2b4bb533a83c4b501ea, type: 3}
      propertyPath: m_LocalEulerAnglesHint.x
      value: 0
      objectReference: {fileID: 0}
    - target: {fileID: 400000, guid: fbe2c7c1e21bd2b4bb533a83c4b501ea, type: 3}
      propertyPath: m_LocalEulerAnglesHint.y
      value: 0
      objectReference: {fileID: 0}
    - target: {fileID: 400000, guid: fbe2c7c1e21bd2b4bb533a83c4b501ea, type: 3}
      propertyPath: m_LocalEulerAnglesHint.z
      value: 0
      objectReference: {fileID: 0}
    m_RemovedComponents: []
  m_SourcePrefab: {fileID: 100100000, guid: fbe2c7c1e21bd2b4bb533a83c4b501ea, type: 3}
--- !u!4 &358536271846655642 stripped
Transform:
  m_CorrespondingSourceObject: {fileID: 400000, guid: fbe2c7c1e21bd2b4bb533a83c4b501ea,
    type: 3}
  m_PrefabInstance: {fileID: 358536271846792218}
  m_PrefabAsset: {fileID: 0}
--- !u!1001 &756672899564977309
PrefabInstance:
  m_ObjectHideFlags: 0
  serializedVersion: 2
  m_Modification:
    m_TransformParent: {fileID: 7535850422287978493}
    m_Modifications:
    - target: {fileID: 114000, guid: 61b2309c6a9086940900bc53bfd82669, type: 3}
      propertyPath: m_Name
      value: fe_vil_barrel_L4b
      objectReference: {fileID: 0}
    - target: {fileID: 439214, guid: 61b2309c6a9086940900bc53bfd82669, type: 3}
      propertyPath: m_LocalPosition.x
      value: 1.794
      objectReference: {fileID: 0}
    - target: {fileID: 439214, guid: 61b2309c6a9086940900bc53bfd82669, type: 3}
      propertyPath: m_LocalPosition.y
      value: 0
      objectReference: {fileID: 0}
    - target: {fileID: 439214, guid: 61b2309c6a9086940900bc53bfd82669, type: 3}
      propertyPath: m_LocalPosition.z
      value: 5.255
      objectReference: {fileID: 0}
    - target: {fileID: 439214, guid: 61b2309c6a9086940900bc53bfd82669, type: 3}
      propertyPath: m_LocalRotation.x
      value: -0
      objectReference: {fileID: 0}
    - target: {fileID: 439214, guid: 61b2309c6a9086940900bc53bfd82669, type: 3}
      propertyPath: m_LocalRotation.y
      value: -0
      objectReference: {fileID: 0}
    - target: {fileID: 439214, guid: 61b2309c6a9086940900bc53bfd82669, type: 3}
      propertyPath: m_LocalRotation.z
      value: -0
      objectReference: {fileID: 0}
    - target: {fileID: 439214, guid: 61b2309c6a9086940900bc53bfd82669, type: 3}
      propertyPath: m_LocalRotation.w
      value: 1
      objectReference: {fileID: 0}
    - target: {fileID: 439214, guid: 61b2309c6a9086940900bc53bfd82669, type: 3}
      propertyPath: m_RootOrder
      value: 9
      objectReference: {fileID: 0}
    - target: {fileID: 439214, guid: 61b2309c6a9086940900bc53bfd82669, type: 3}
      propertyPath: m_LocalEulerAnglesHint.x
      value: 0
      objectReference: {fileID: 0}
    - target: {fileID: 439214, guid: 61b2309c6a9086940900bc53bfd82669, type: 3}
      propertyPath: m_LocalEulerAnglesHint.y
      value: 0
      objectReference: {fileID: 0}
    - target: {fileID: 439214, guid: 61b2309c6a9086940900bc53bfd82669, type: 3}
      propertyPath: m_LocalEulerAnglesHint.z
      value: 0
      objectReference: {fileID: 0}
    m_RemovedComponents: []
  m_SourcePrefab: {fileID: 100100000, guid: 61b2309c6a9086940900bc53bfd82669, type: 3}
--- !u!4 &756672899564867379 stripped
Transform:
  m_CorrespondingSourceObject: {fileID: 439214, guid: 61b2309c6a9086940900bc53bfd82669,
    type: 3}
  m_PrefabInstance: {fileID: 756672899564977309}
  m_PrefabAsset: {fileID: 0}
--- !u!1001 &1393994443738716327
PrefabInstance:
  m_ObjectHideFlags: 0
  serializedVersion: 2
  m_Modification:
    m_TransformParent: {fileID: 7535850422287978493}
    m_Modifications:
    - target: {fileID: 100000, guid: 2a4b3f66f348fda4d985358c473e4b5b, type: 3}
      propertyPath: m_Name
      value: fi_vil_farm_trough03_2m_B
      objectReference: {fileID: 0}
    - target: {fileID: 400000, guid: 2a4b3f66f348fda4d985358c473e4b5b, type: 3}
      propertyPath: m_LocalPosition.x
      value: -1.8870194
      objectReference: {fileID: 0}
    - target: {fileID: 400000, guid: 2a4b3f66f348fda4d985358c473e4b5b, type: 3}
      propertyPath: m_LocalPosition.y
      value: 0
      objectReference: {fileID: 0}
    - target: {fileID: 400000, guid: 2a4b3f66f348fda4d985358c473e4b5b, type: 3}
      propertyPath: m_LocalPosition.z
      value: -3.0550003
      objectReference: {fileID: 0}
    - target: {fileID: 400000, guid: 2a4b3f66f348fda4d985358c473e4b5b, type: 3}
      propertyPath: m_LocalRotation.x
      value: -0
      objectReference: {fileID: 0}
    - target: {fileID: 400000, guid: 2a4b3f66f348fda4d985358c473e4b5b, type: 3}
      propertyPath: m_LocalRotation.y
      value: -0.025043104
      objectReference: {fileID: 0}
    - target: {fileID: 400000, guid: 2a4b3f66f348fda4d985358c473e4b5b, type: 3}
      propertyPath: m_LocalRotation.z
      value: -0
      objectReference: {fileID: 0}
    - target: {fileID: 400000, guid: 2a4b3f66f348fda4d985358c473e4b5b, type: 3}
      propertyPath: m_LocalRotation.w
      value: 0.99968636
      objectReference: {fileID: 0}
    - target: {fileID: 400000, guid: 2a4b3f66f348fda4d985358c473e4b5b, type: 3}
      propertyPath: m_RootOrder
      value: 1
      objectReference: {fileID: 0}
    - target: {fileID: 400000, guid: 2a4b3f66f348fda4d985358c473e4b5b, type: 3}
      propertyPath: m_LocalEulerAnglesHint.x
      value: 0
      objectReference: {fileID: 0}
    - target: {fileID: 400000, guid: 2a4b3f66f348fda4d985358c473e4b5b, type: 3}
      propertyPath: m_LocalEulerAnglesHint.y
      value: -2.8700001
      objectReference: {fileID: 0}
    - target: {fileID: 400000, guid: 2a4b3f66f348fda4d985358c473e4b5b, type: 3}
      propertyPath: m_LocalEulerAnglesHint.z
      value: 0
      objectReference: {fileID: 0}
    m_RemovedComponents: []
  m_SourcePrefab: {fileID: 100100000, guid: 2a4b3f66f348fda4d985358c473e4b5b, type: 3}
--- !u!4 &1393994443738841639 stripped
Transform:
  m_CorrespondingSourceObject: {fileID: 400000, guid: 2a4b3f66f348fda4d985358c473e4b5b,
    type: 3}
  m_PrefabInstance: {fileID: 1393994443738716327}
  m_PrefabAsset: {fileID: 0}
--- !u!1001 &2478060918151916504
PrefabInstance:
  m_ObjectHideFlags: 0
  serializedVersion: 2
  m_Modification:
    m_TransformParent: {fileID: 7535850422287978493}
    m_Modifications:
    - target: {fileID: 179022, guid: 1597fd4b7c18b3a4da3ec8e39481b2c2, type: 3}
      propertyPath: m_Name
      value: fe_vil_crate_02c
      objectReference: {fileID: 0}
    - target: {fileID: 433488, guid: 1597fd4b7c18b3a4da3ec8e39481b2c2, type: 3}
      propertyPath: m_LocalPosition.x
      value: 2.385
      objectReference: {fileID: 0}
    - target: {fileID: 433488, guid: 1597fd4b7c18b3a4da3ec8e39481b2c2, type: 3}
      propertyPath: m_LocalPosition.y
      value: 0
      objectReference: {fileID: 0}
    - target: {fileID: 433488, guid: 1597fd4b7c18b3a4da3ec8e39481b2c2, type: 3}
      propertyPath: m_LocalPosition.z
      value: -4.746
      objectReference: {fileID: 0}
    - target: {fileID: 433488, guid: 1597fd4b7c18b3a4da3ec8e39481b2c2, type: 3}
      propertyPath: m_LocalRotation.x
      value: -0
      objectReference: {fileID: 0}
    - target: {fileID: 433488, guid: 1597fd4b7c18b3a4da3ec8e39481b2c2, type: 3}
      propertyPath: m_LocalRotation.y
      value: 0.08345337
      objectReference: {fileID: 0}
    - target: {fileID: 433488, guid: 1597fd4b7c18b3a4da3ec8e39481b2c2, type: 3}
      propertyPath: m_LocalRotation.z
      value: -0
      objectReference: {fileID: 0}
    - target: {fileID: 433488, guid: 1597fd4b7c18b3a4da3ec8e39481b2c2, type: 3}
      propertyPath: m_LocalRotation.w
      value: 0.9965117
      objectReference: {fileID: 0}
    - target: {fileID: 433488, guid: 1597fd4b7c18b3a4da3ec8e39481b2c2, type: 3}
      propertyPath: m_RootOrder
      value: 8
      objectReference: {fileID: 0}
    - target: {fileID: 433488, guid: 1597fd4b7c18b3a4da3ec8e39481b2c2, type: 3}
      propertyPath: m_LocalEulerAnglesHint.x
      value: 0
      objectReference: {fileID: 0}
    - target: {fileID: 433488, guid: 1597fd4b7c18b3a4da3ec8e39481b2c2, type: 3}
      propertyPath: m_LocalEulerAnglesHint.y
      value: 9.574
      objectReference: {fileID: 0}
    - target: {fileID: 433488, guid: 1597fd4b7c18b3a4da3ec8e39481b2c2, type: 3}
      propertyPath: m_LocalEulerAnglesHint.z
      value: 0
      objectReference: {fileID: 0}
    m_RemovedComponents: []
  m_SourcePrefab: {fileID: 100100000, guid: 1597fd4b7c18b3a4da3ec8e39481b2c2, type: 3}
--- !u!4 &2478060918152345224 stripped
Transform:
  m_CorrespondingSourceObject: {fileID: 433488, guid: 1597fd4b7c18b3a4da3ec8e39481b2c2,
    type: 3}
  m_PrefabInstance: {fileID: 2478060918151916504}
  m_PrefabAsset: {fileID: 0}
--- !u!1001 &3307272626893240004
PrefabInstance:
  m_ObjectHideFlags: 0
  serializedVersion: 2
  m_Modification:
    m_TransformParent: {fileID: 7535850422287978493}
    m_Modifications:
    - target: {fileID: 114726, guid: 7a39cf4cc605b5e4eb31c9122bf0a6e7, type: 3}
      propertyPath: m_Name
      value: fe_vil_wagons_brokenwag_wheel02lean
      objectReference: {fileID: 0}
    - target: {fileID: 434080, guid: 7a39cf4cc605b5e4eb31c9122bf0a6e7, type: 3}
      propertyPath: m_LocalPosition.x
      value: 0.591
      objectReference: {fileID: 0}
    - target: {fileID: 434080, guid: 7a39cf4cc605b5e4eb31c9122bf0a6e7, type: 3}
      propertyPath: m_LocalPosition.y
      value: 0
      objectReference: {fileID: 0}
    - target: {fileID: 434080, guid: 7a39cf4cc605b5e4eb31c9122bf0a6e7, type: 3}
      propertyPath: m_LocalPosition.z
      value: -5.066
      objectReference: {fileID: 0}
    - target: {fileID: 434080, guid: 7a39cf4cc605b5e4eb31c9122bf0a6e7, type: 3}
      propertyPath: m_LocalRotation.x
      value: -0
      objectReference: {fileID: 0}
    - target: {fileID: 434080, guid: 7a39cf4cc605b5e4eb31c9122bf0a6e7, type: 3}
      propertyPath: m_LocalRotation.y
      value: 0.70710576
      objectReference: {fileID: 0}
    - target: {fileID: 434080, guid: 7a39cf4cc605b5e4eb31c9122bf0a6e7, type: 3}
      propertyPath: m_LocalRotation.z
      value: -0
      objectReference: {fileID: 0}
    - target: {fileID: 434080, guid: 7a39cf4cc605b5e4eb31c9122bf0a6e7, type: 3}
      propertyPath: m_LocalRotation.w
      value: 0.70710784
      objectReference: {fileID: 0}
    - target: {fileID: 434080, guid: 7a39cf4cc605b5e4eb31c9122bf0a6e7, type: 3}
      propertyPath: m_RootOrder
      value: 6
      objectReference: {fileID: 0}
    - target: {fileID: 434080, guid: 7a39cf4cc605b5e4eb31c9122bf0a6e7, type: 3}
      propertyPath: m_LocalEulerAnglesHint.x
      value: 0
      objectReference: {fileID: 0}
    - target: {fileID: 434080, guid: 7a39cf4cc605b5e4eb31c9122bf0a6e7, type: 3}
      propertyPath: m_LocalEulerAnglesHint.y
      value: 90.00001
      objectReference: {fileID: 0}
    - target: {fileID: 434080, guid: 7a39cf4cc605b5e4eb31c9122bf0a6e7, type: 3}
      propertyPath: m_LocalEulerAnglesHint.z
      value: 0
      objectReference: {fileID: 0}
    m_RemovedComponents: []
  m_SourcePrefab: {fileID: 100100000, guid: 7a39cf4cc605b5e4eb31c9122bf0a6e7, type: 3}
--- !u!4 &3307272626893662564 stripped
Transform:
  m_CorrespondingSourceObject: {fileID: 434080, guid: 7a39cf4cc605b5e4eb31c9122bf0a6e7,
    type: 3}
  m_PrefabInstance: {fileID: 3307272626893240004}
  m_PrefabAsset: {fileID: 0}
--- !u!1001 &3697581142650683314
PrefabInstance:
  m_ObjectHideFlags: 0
  serializedVersion: 2
  m_Modification:
    m_TransformParent: {fileID: 7535850422287978493}
    m_Modifications:
    - target: {fileID: 114726, guid: 7a39cf4cc605b5e4eb31c9122bf0a6e7, type: 3}
      propertyPath: m_Name
      value: fe_vil_wagons_brokenwag_wheel02lean
      objectReference: {fileID: 0}
    - target: {fileID: 434080, guid: 7a39cf4cc605b5e4eb31c9122bf0a6e7, type: 3}
      propertyPath: m_LocalPosition.x
      value: 0.4
      objectReference: {fileID: 0}
    - target: {fileID: 434080, guid: 7a39cf4cc605b5e4eb31c9122bf0a6e7, type: 3}
      propertyPath: m_LocalPosition.y
      value: 0
      objectReference: {fileID: 0}
    - target: {fileID: 434080, guid: 7a39cf4cc605b5e4eb31c9122bf0a6e7, type: 3}
      propertyPath: m_LocalPosition.z
      value: 4.019
      objectReference: {fileID: 0}
    - target: {fileID: 434080, guid: 7a39cf4cc605b5e4eb31c9122bf0a6e7, type: 3}
      propertyPath: m_LocalRotation.x
      value: -0
      objectReference: {fileID: 0}
    - target: {fileID: 434080, guid: 7a39cf4cc605b5e4eb31c9122bf0a6e7, type: 3}
      propertyPath: m_LocalRotation.y
      value: 0.70710576
      objectReference: {fileID: 0}
    - target: {fileID: 434080, guid: 7a39cf4cc605b5e4eb31c9122bf0a6e7, type: 3}
      propertyPath: m_LocalRotation.z
      value: -0
      objectReference: {fileID: 0}
    - target: {fileID: 434080, guid: 7a39cf4cc605b5e4eb31c9122bf0a6e7, type: 3}
      propertyPath: m_LocalRotation.w
      value: 0.70710784
      objectReference: {fileID: 0}
    - target: {fileID: 434080, guid: 7a39cf4cc605b5e4eb31c9122bf0a6e7, type: 3}
      propertyPath: m_RootOrder
      value: 5
      objectReference: {fileID: 0}
    - target: {fileID: 434080, guid: 7a39cf4cc605b5e4eb31c9122bf0a6e7, type: 3}
      propertyPath: m_LocalEulerAnglesHint.x
      value: 0
      objectReference: {fileID: 0}
    - target: {fileID: 434080, guid: 7a39cf4cc605b5e4eb31c9122bf0a6e7, type: 3}
      propertyPath: m_LocalEulerAnglesHint.y
      value: 90.00001
      objectReference: {fileID: 0}
    - target: {fileID: 434080, guid: 7a39cf4cc605b5e4eb31c9122bf0a6e7, type: 3}
      propertyPath: m_LocalEulerAnglesHint.z
      value: 0
      objectReference: {fileID: 0}
    m_RemovedComponents: []
  m_SourcePrefab: {fileID: 100100000, guid: 7a39cf4cc605b5e4eb31c9122bf0a6e7, type: 3}
--- !u!4 &3697581142651101202 stripped
Transform:
  m_CorrespondingSourceObject: {fileID: 434080, guid: 7a39cf4cc605b5e4eb31c9122bf0a6e7,
    type: 3}
  m_PrefabInstance: {fileID: 3697581142650683314}
  m_PrefabAsset: {fileID: 0}
--- !u!1001 &4804423374686652483
PrefabInstance:
  m_ObjectHideFlags: 0
  serializedVersion: 2
  m_Modification:
    m_TransformParent: {fileID: 7535850422287978493}
    m_Modifications:
    - target: {fileID: 100000, guid: f90729690793f8e42bb1588dda9753e0, type: 3}
      propertyPath: m_Name
      value: fi_vil_farm_trough03_1m
      objectReference: {fileID: 0}
    - target: {fileID: 400000, guid: f90729690793f8e42bb1588dda9753e0, type: 3}
      propertyPath: m_LocalPosition.x
      value: 1.66
      objectReference: {fileID: 0}
    - target: {fileID: 400000, guid: f90729690793f8e42bb1588dda9753e0, type: 3}
      propertyPath: m_LocalPosition.y
      value: 0.00035834312
      objectReference: {fileID: 0}
    - target: {fileID: 400000, guid: f90729690793f8e42bb1588dda9753e0, type: 3}
      propertyPath: m_LocalPosition.z
      value: -1.537
      objectReference: {fileID: 0}
    - target: {fileID: 400000, guid: f90729690793f8e42bb1588dda9753e0, type: 3}
      propertyPath: m_LocalRotation.x
      value: -0
      objectReference: {fileID: 0}
    - target: {fileID: 400000, guid: f90729690793f8e42bb1588dda9753e0, type: 3}
      propertyPath: m_LocalRotation.y
      value: 0.70710576
      objectReference: {fileID: 0}
    - target: {fileID: 400000, guid: f90729690793f8e42bb1588dda9753e0, type: 3}
      propertyPath: m_LocalRotation.z
      value: -0
      objectReference: {fileID: 0}
    - target: {fileID: 400000, guid: f90729690793f8e42bb1588dda9753e0, type: 3}
      propertyPath: m_LocalRotation.w
      value: 0.70710784
      objectReference: {fileID: 0}
    - target: {fileID: 400000, guid: f90729690793f8e42bb1588dda9753e0, type: 3}
      propertyPath: m_RootOrder
      value: 2
      objectReference: {fileID: 0}
    - target: {fileID: 400000, guid: f90729690793f8e42bb1588dda9753e0, type: 3}
      propertyPath: m_LocalEulerAnglesHint.x
      value: 0
      objectReference: {fileID: 0}
    - target: {fileID: 400000, guid: f90729690793f8e42bb1588dda9753e0, type: 3}
      propertyPath: m_LocalEulerAnglesHint.y
      value: 90.00001
      objectReference: {fileID: 0}
    - target: {fileID: 400000, guid: f90729690793f8e42bb1588dda9753e0, type: 3}
      propertyPath: m_LocalEulerAnglesHint.z
      value: 0
      objectReference: {fileID: 0}
    m_RemovedComponents: []
  m_SourcePrefab: {fileID: 100100000, guid: f90729690793f8e42bb1588dda9753e0, type: 3}
--- !u!4 &4804423374687048387 stripped
Transform:
  m_CorrespondingSourceObject: {fileID: 400000, guid: f90729690793f8e42bb1588dda9753e0,
    type: 3}
  m_PrefabInstance: {fileID: 4804423374686652483}
  m_PrefabAsset: {fileID: 0}
--- !u!1001 &4984114523839580984
PrefabInstance:
  m_ObjectHideFlags: 0
  serializedVersion: 2
  m_Modification:
    m_TransformParent: {fileID: 7535850422287978493}
    m_Modifications:
    - target: {fileID: 138364, guid: 3d497eac68d10a0438e4e2c6807ea483, type: 3}
      propertyPath: m_Name
      value: fe_vil_crate_04d
      objectReference: {fileID: 0}
    - target: {fileID: 451200, guid: 3d497eac68d10a0438e4e2c6807ea483, type: 3}
      propertyPath: m_LocalPosition.x
      value: 1.716
      objectReference: {fileID: 0}
    - target: {fileID: 451200, guid: 3d497eac68d10a0438e4e2c6807ea483, type: 3}
      propertyPath: m_LocalPosition.y
      value: 0
      objectReference: {fileID: 0}
    - target: {fileID: 451200, guid: 3d497eac68d10a0438e4e2c6807ea483, type: 3}
      propertyPath: m_LocalPosition.z
      value: -5.144
      objectReference: {fileID: 0}
    - target: {fileID: 451200, guid: 3d497eac68d10a0438e4e2c6807ea483, type: 3}
      propertyPath: m_LocalRotation.x
      value: -0
      objectReference: {fileID: 0}
    - target: {fileID: 451200, guid: 3d497eac68d10a0438e4e2c6807ea483, type: 3}
      propertyPath: m_LocalRotation.y
      value: 0.6087605
      objectReference: {fileID: 0}
    - target: {fileID: 451200, guid: 3d497eac68d10a0438e4e2c6807ea483, type: 3}
      propertyPath: m_LocalRotation.z
      value: -0
      objectReference: {fileID: 0}
    - target: {fileID: 451200, guid: 3d497eac68d10a0438e4e2c6807ea483, type: 3}
      propertyPath: m_LocalRotation.w
      value: 0.79335415
      objectReference: {fileID: 0}
    - target: {fileID: 451200, guid: 3d497eac68d10a0438e4e2c6807ea483, type: 3}
      propertyPath: m_RootOrder
      value: 7
      objectReference: {fileID: 0}
    - target: {fileID: 451200, guid: 3d497eac68d10a0438e4e2c6807ea483, type: 3}
      propertyPath: m_LocalEulerAnglesHint.x
      value: 0
      objectReference: {fileID: 0}
    - target: {fileID: 451200, guid: 3d497eac68d10a0438e4e2c6807ea483, type: 3}
      propertyPath: m_LocalEulerAnglesHint.y
      value: 75
      objectReference: {fileID: 0}
    - target: {fileID: 451200, guid: 3d497eac68d10a0438e4e2c6807ea483, type: 3}
      propertyPath: m_LocalEulerAnglesHint.z
      value: 0
      objectReference: {fileID: 0}
    m_RemovedComponents: []
  m_SourcePrefab: {fileID: 100100000, guid: 3d497eac68d10a0438e4e2c6807ea483, type: 3}
--- !u!4 &4984114523839670712 stripped
Transform:
  m_CorrespondingSourceObject: {fileID: 451200, guid: 3d497eac68d10a0438e4e2c6807ea483,
    type: 3}
  m_PrefabInstance: {fileID: 4984114523839580984}
  m_PrefabAsset: {fileID: 0}
--- !u!1001 &6025981394557678897
PrefabInstance:
  m_ObjectHideFlags: 0
  serializedVersion: 2
  m_Modification:
    m_TransformParent: {fileID: 7535850422287978493}
    m_Modifications:
    - target: {fileID: 100000, guid: 7656141e51f967d4a85c50748fd2fadf, type: 3}
      propertyPath: m_Name
      value: fi_vil_farm_trough01_1m
      objectReference: {fileID: 0}
    - target: {fileID: 400000, guid: 7656141e51f967d4a85c50748fd2fadf, type: 3}
      propertyPath: m_LocalPosition.x
      value: -2.03
      objectReference: {fileID: 0}
    - target: {fileID: 400000, guid: 7656141e51f967d4a85c50748fd2fadf, type: 3}
      propertyPath: m_LocalPosition.y
      value: 0
      objectReference: {fileID: 0}
    - target: {fileID: 400000, guid: 7656141e51f967d4a85c50748fd2fadf, type: 3}
      propertyPath: m_LocalPosition.z
      value: 0.66
      objectReference: {fileID: 0}
    - target: {fileID: 400000, guid: 7656141e51f967d4a85c50748fd2fadf, type: 3}
      propertyPath: m_LocalRotation.x
      value: -0
      objectReference: {fileID: 0}
    - target: {fileID: 400000, guid: 7656141e51f967d4a85c50748fd2fadf, type: 3}
      propertyPath: m_LocalRotation.y
      value: 0.046488527
      objectReference: {fileID: 0}
    - target: {fileID: 400000, guid: 7656141e51f967d4a85c50748fd2fadf, type: 3}
      propertyPath: m_LocalRotation.z
      value: -0
      objectReference: {fileID: 0}
    - target: {fileID: 400000, guid: 7656141e51f967d4a85c50748fd2fadf, type: 3}
      propertyPath: m_LocalRotation.w
      value: 0.9989189
      objectReference: {fileID: 0}
    - target: {fileID: 400000, guid: 7656141e51f967d4a85c50748fd2fadf, type: 3}
      propertyPath: m_RootOrder
      value: 0
      objectReference: {fileID: 0}
    - target: {fileID: 400000, guid: 7656141e51f967d4a85c50748fd2fadf, type: 3}
      propertyPath: m_LocalEulerAnglesHint.x
      value: 0
      objectReference: {fileID: 0}
    - target: {fileID: 400000, guid: 7656141e51f967d4a85c50748fd2fadf, type: 3}
      propertyPath: m_LocalEulerAnglesHint.y
      value: 5.3290005
      objectReference: {fileID: 0}
    - target: {fileID: 400000, guid: 7656141e51f967d4a85c50748fd2fadf, type: 3}
      propertyPath: m_LocalEulerAnglesHint.z
      value: 0
      objectReference: {fileID: 0}
    m_RemovedComponents: []
  m_SourcePrefab: {fileID: 100100000, guid: 7656141e51f967d4a85c50748fd2fadf, type: 3}
--- !u!4 &6025981394558070705 stripped
Transform:
  m_CorrespondingSourceObject: {fileID: 400000, guid: 7656141e51f967d4a85c50748fd2fadf,
    type: 3}
  m_PrefabInstance: {fileID: 6025981394557678897}
  m_PrefabAsset: {fileID: 0}
--- !u!1001 &6126338518642960005
PrefabInstance:
  m_ObjectHideFlags: 0
  serializedVersion: 2
  m_Modification:
    m_TransformParent: {fileID: 7942361288419170638}
    m_Modifications:
    - target: {fileID: 100034, guid: 47de9d99272241d44955d149d3c65f8e, type: 3}
      propertyPath: m_Name
      value: Stable_3horse
      objectReference: {fileID: 0}
    - target: {fileID: 400034, guid: 47de9d99272241d44955d149d3c65f8e, type: 3}
      propertyPath: m_LocalPosition.x
      value: 0
      objectReference: {fileID: 0}
    - target: {fileID: 400034, guid: 47de9d99272241d44955d149d3c65f8e, type: 3}
      propertyPath: m_LocalPosition.y
      value: 0
      objectReference: {fileID: 0}
    - target: {fileID: 400034, guid: 47de9d99272241d44955d149d3c65f8e, type: 3}
      propertyPath: m_LocalPosition.z
      value: 0
      objectReference: {fileID: 0}
    - target: {fileID: 400034, guid: 47de9d99272241d44955d149d3c65f8e, type: 3}
      propertyPath: m_LocalRotation.x
      value: -0
      objectReference: {fileID: 0}
    - target: {fileID: 400034, guid: 47de9d99272241d44955d149d3c65f8e, type: 3}
      propertyPath: m_LocalRotation.y
      value: -0
      objectReference: {fileID: 0}
    - target: {fileID: 400034, guid: 47de9d99272241d44955d149d3c65f8e, type: 3}
      propertyPath: m_LocalRotation.z
      value: -0
      objectReference: {fileID: 0}
    - target: {fileID: 400034, guid: 47de9d99272241d44955d149d3c65f8e, type: 3}
      propertyPath: m_LocalRotation.w
      value: 1
      objectReference: {fileID: 0}
    - target: {fileID: 400034, guid: 47de9d99272241d44955d149d3c65f8e, type: 3}
      propertyPath: m_RootOrder
      value: 1
      objectReference: {fileID: 0}
    - target: {fileID: 400034, guid: 47de9d99272241d44955d149d3c65f8e, type: 3}
      propertyPath: m_LocalEulerAnglesHint.x
      value: 0
      objectReference: {fileID: 0}
    - target: {fileID: 400034, guid: 47de9d99272241d44955d149d3c65f8e, type: 3}
      propertyPath: m_LocalEulerAnglesHint.y
      value: 0
      objectReference: {fileID: 0}
    - target: {fileID: 400034, guid: 47de9d99272241d44955d149d3c65f8e, type: 3}
      propertyPath: m_LocalEulerAnglesHint.z
      value: 0
      objectReference: {fileID: 0}
    m_RemovedComponents: []
  m_SourcePrefab: {fileID: 100100000, guid: 47de9d99272241d44955d149d3c65f8e, type: 3}
--- !u!4 &6126338518643358759 stripped
Transform:
  m_CorrespondingSourceObject: {fileID: 400034, guid: 47de9d99272241d44955d149d3c65f8e,
    type: 3}
  m_PrefabInstance: {fileID: 6126338518642960005}
  m_PrefabAsset: {fileID: 0}
--- !u!1001 &7418831681817083714
PrefabInstance:
  m_ObjectHideFlags: 0
  serializedVersion: 2
  m_Modification:
    m_TransformParent: {fileID: 7535850422287978493}
    m_Modifications:
    - target: {fileID: 100000, guid: 2a4b3f66f348fda4d985358c473e4b5b, type: 3}
      propertyPath: m_Name
      value: fi_vil_farm_trough03_2m_B
      objectReference: {fileID: 0}
    - target: {fileID: 400000, guid: 2a4b3f66f348fda4d985358c473e4b5b, type: 3}
      propertyPath: m_LocalPosition.x
      value: 2.7
      objectReference: {fileID: 0}
    - target: {fileID: 400000, guid: 2a4b3f66f348fda4d985358c473e4b5b, type: 3}
      propertyPath: m_LocalPosition.y
      value: 0
      objectReference: {fileID: 0}
    - target: {fileID: 400000, guid: 2a4b3f66f348fda4d985358c473e4b5b, type: 3}
      propertyPath: m_LocalPosition.z
      value: 1.545
      objectReference: {fileID: 0}
    - target: {fileID: 400000, guid: 2a4b3f66f348fda4d985358c473e4b5b, type: 3}
      propertyPath: m_LocalRotation.x
      value: -0
      objectReference: {fileID: 0}
    - target: {fileID: 400000, guid: 2a4b3f66f348fda4d985358c473e4b5b, type: 3}
      propertyPath: m_LocalRotation.y
      value: 0.7218321
      objectReference: {fileID: 0}
    - target: {fileID: 400000, guid: 2a4b3f66f348fda4d985358c473e4b5b, type: 3}
      propertyPath: m_LocalRotation.z
      value: -0
      objectReference: {fileID: 0}
    - target: {fileID: 400000, guid: 2a4b3f66f348fda4d985358c473e4b5b, type: 3}
      propertyPath: m_LocalRotation.w
      value: 0.69206834
      objectReference: {fileID: 0}
    - target: {fileID: 400000, guid: 2a4b3f66f348fda4d985358c473e4b5b, type: 3}
      propertyPath: m_RootOrder
      value: 3
      objectReference: {fileID: 0}
    - target: {fileID: 400000, guid: 2a4b3f66f348fda4d985358c473e4b5b, type: 3}
      propertyPath: m_LocalEulerAnglesHint.x
      value: 0
      objectReference: {fileID: 0}
    - target: {fileID: 400000, guid: 2a4b3f66f348fda4d985358c473e4b5b, type: 3}
      propertyPath: m_LocalEulerAnglesHint.y
      value: 92.412
      objectReference: {fileID: 0}
    - target: {fileID: 400000, guid: 2a4b3f66f348fda4d985358c473e4b5b, type: 3}
      propertyPath: m_LocalEulerAnglesHint.z
      value: 0
      objectReference: {fileID: 0}
    m_RemovedComponents: []
  m_SourcePrefab: {fileID: 100100000, guid: 2a4b3f66f348fda4d985358c473e4b5b, type: 3}
--- !u!4 &7418831681816683970 stripped
Transform:
  m_CorrespondingSourceObject: {fileID: 400000, guid: 2a4b3f66f348fda4d985358c473e4b5b,
    type: 3}
  m_PrefabInstance: {fileID: 7418831681817083714}
  m_PrefabAsset: {fileID: 0}
